1664 2563
659 678 815 717 OARM.
842 679 903 716 III
933 682 952 717 1

248 787 418 813 METRVM
462 786 621 813 DVOBVS
667 786 861 814 VERSIBVS
906 786 1134 824 ALOAICVM,
1178 786 1349 814 TERTIVS
1394 787 1484 812 IAM-

128 845 245 872 Blovs
297 847 479 872 DIMETER
522 846 958 883 YPERCATALEo'rmvs,
1009 847 1195 878 QVARTVS
1239 846 1483 873 PINDARICVs

130 889 234 947 (AB
241 895 280 931 Γ
281 909 305 931 α

252 948 293 992 1.
328 965 399 991 om
431 965 649 991 PROFANVM
682 966 717 991 v.
746 949 800 1005 la]
852 953 960 992 Haec
992 967 1068 992 uox
1100 956 1142 991 in
1174 954 1376 992 sacrificiis
1409 955 1484 991 fre-

130 1013 415 1062 quentabatur,
448 1026 526 1062 qua
558 1012 838 1064 significarent,
870 1015 915 1051 ut
945 1013 1050 1052 bona
1082 1015 1215 1052 omina
1246 1013 1486 1053 haberentur

131 1068 194 1125 (6oe
224 1067 396 1125 Pomm).
460 1072 573 1117 Quod
605 1075 798 1122 oportune
829 1073 894 1110 hic
925 1075 1044 1122 poeta
1075 1075 1225 1123 posuit,
1259 1075 1329 1123 qui
1360 1086 1484 1111 sacer-

129 1132 262 1170 dotem
293 1132 498 1171 Musarum
531 1145 571 1170 se
604 1135 690 1171 erat
722 1133 898 1171 dicturus
930 1133 1113 1183 inferius,
1147 1136 1192 1171 ut
1222 1132 1485 1183 praedicendo

128 1192 314 1241 profanos
347 1204 547 1230 sacrorum
580 1205 619 1230 se
652 1193 875 1231 meminisse
908 1195 1146 1232 monstraret
1173 1188 1291 1246 (cons.
1313 1187 1484 1245 Porph.).

129 1251 185 1289 Vt
215 1251 418 1302 Vergilius
452 1246 567 1304 (Aew.
589 1251 647 1289 VI
676 1247 797 1304 258):

345 1334 497 1383 Procul,
530 1348 551 1373 o
584 1336 723 1384 procul
754 1337 847 1384 este,
878 1337 1037 1385 profani
1070 1331 1185 1389 (AF'

250 1426 339 1481 0D1]
381 1429 498 1469 Modo
530 1432 748 1480 praesentis
781 1434 840 1469 est
871 1433 1072 1482 temporis,
1106 1432 1320 1481 aliquando
1354 1434 1487 1470 tamen

131 1491 170 1527 et
201 1502 272 1539 pro
304 1491 520 1539 praeterito
552 1492 713 1540 ponitur
747 1485 909 1544 (Arst

248 1546 488 1601 PROFANvm]
521 1550 685 1588 Profani
714 1551 947 1589 dicebantur
972 1553 1092 1589 sacris
1119 1564 1197 1591 non
1222 1553 1385 1599 initiati,
1419 1553 1487 1600 qui

130 1609 269 1647 fanum
306 1611 456 1647 intrare
494 1623 571 1647 non
609 1612 804 1659 poterant.
868 1611 943 1648 Hic
981 1613 1115 1649 tamen
1152 1624 1222 1660 per
1255 1612 1487 1661 allegoriam

130 1669 318 1717 profanos
361 1670 566 1719 imperitos
611 1670 730 1719 dixit,
775 1672 844 1719 qui
887 1672 1029 1708 merito
1075 1671 1200 1709 doctis
1247 1672 1353 1709 exosi
1395 1673 1488 1709 sunt

133 1723 296 1781 (Aer
317 1740 416 1767 cons.
443 1729 584 1777 Porph.

250 1784 405 1839 ARoEo]
461 1788 654 1827 Prohibeo
689 1784 803 1841 (AF'

253 1843 296 1887 ⁶2.
348 1860 508 1886 FAVETE
540 1844 722 1899 LINles]
778 1848 833 1886 Vt
867 1844 1001 1902 (Very.
1030 1848 1126 1888 Aen.
1150 1849 1186 1885 V
1215 1844 1306 1901 71):

348 1930 423 1969 Ore
456 1932 587 1969 fauete
621 1944 753 1970 omnes
788 1926 890 1984 (AF
901 1933 936 1970 V

252 2060 271 2090 2
312 2055 523 2091 alchaicum
561 2057 734 2091 constans
773 2068 817 2091 ex
856 2067 985 2104 eesura
1022 2058 1290 2102 pentimemere
1325 2058 1488 2093 iambica

133 2105 171 2138 et
197 2103 341 2139 duobus
369 2103 519 2139 dactilis
539 2104 594 2138 ita
622 2125 627 2130 -
657 2104 728 2139 Odi
756 2126 761 2130 -
789 2104 897 2150 prosa
925 2125 930 2131 ·
958 2117 1048 2140 num
1069 2126 1075 2132 -
1096 2105 1232 2152 uulgus
1260 2107 1298 2141 et
1320 2127 1324 2132 ·
1348 2117 1456 2141 arceo
1480 2127 1485 2132 ·

131 2163 264 2198 tertius
290 2175 310 2198 r
455 2168 474 2198 3
501 2163 827 2208 ipercatalecticus
855 2165 889 2199 A
926 2175 1055 2209 yperc:
1089 2165 1129 2199 id
1161 2176 1205 2200 ex
1237 2155 1397 2202 diambis
1426 2165 1488 2200 uel

132 2212 293 2255 quatuor
327 2211 462 2246 iambis
490 2213 528 2246 et
552 2211 689 2246 sillaba
713 2224 733 2247 r
830 2211 1045 2257 pindaricus
1072 2214 1246 2248 constans
1273 2225 1317 2249 ex
1343 2213 1487 2248 duobus

133 2258 283 2293 dactilis
310 2261 347 2293 et
373 2260 517 2294 duobus
544 2259 705 2295 trocheis
730 2272 750 2295 r
895 2263 915 2294 8
942 2262 1022 2295 erat
1048 2261 1215 2296 dicturus
1242 2263 1292 2309 A]
1321 2262 1487 2296 dicturus

133 2307 213 2340 erat
250 2311 325 2341 cett.
474 2310 518 2341 10
555 2307 656 2353 uirg:
698 2307 799 2343 codd.
947 2311 990 2342 13
1023 2309 1190 2355 ponitur]
1222 2309 1349 2354 posuit
1380 2309 1446 2345 vV

135 2357 178 2388 15
204 2355 286 2400 per]
311 2367 342 2403 d)
364 2355 399 2389 A

1535 961 1554 992 5

1513 1259 1557 1291 10

1513 1940 1558 1972 20
