1664 2563
203 43 289 85 120
644 41 894 76 EXPOSITIO
920 41 972 75 IN
996 40 1107 75 HOR.

379 155 470 193 Non
502 167 636 192 curare
669 154 784 192 deum
816 153 940 192 credis
972 153 1158 191 mortalia
1189 150 1436 202 quemquam.

201 215 288 253 Hoc
320 227 411 265 ergo
444 216 482 252 et
513 215 596 263 ipse
628 214 773 262 culpat.
826 212 949 250 Stoici
981 213 1083 250 enim
1116 214 1154 250 et
1178 212 1374 250 Platonici
1400 215 1440 250 et
1464 223 1547 250 esse

202 274 318 312 deum
351 275 390 311 et
415 273 588 310 humana
613 285 747 310 curare
775 272 1015 310 confirmant.
1066 271 1167 309 Item
1187 271 1386 322 Vergilius
1413 283 1549 310 secun-

203 332 297 370 dum
329 332 566 383 superiorem
598 332 892 382 persuasionem
925 326 1039 383 (Aen.
1067 330 1148 367 ΙΠΙ
1175 331 1270 368 379.
1300 325 1422 383 380):

155 424 178 454 5
383 415 542 452 Scilicet
572 416 605 452 is
638 415 788 464 superis
820 414 932 452 labor
964 415 1033 463 est,
1065 427 1109 451 ea
1141 426 1235 452 cura
1266 415 1420 462 quietos

383 474 582 512 Sollicitat
614 469 671 526 <A
680 475 743 511 Γα
750 475 774 521 f
783 474 820 512 V

325 564 368 608 3.
403 579 634 606 coxsvn‘rvs
667 564 792 619 mmo]
842 564 1030 618 [Doctus]
1061 568 1224 616 peritus,
1255 567 1300 604 ut
1330 567 1426 605 iuris
1459 579 1548 605 con-

205 629 301 667 sulti
331 629 447 678 periti
484 628 665 665 dicuntur
699 622 825 679 (AFf
835 628 871 665 V

324 682 369 726 4.
401 699 506 725 NVNC
539 698 780 724 RETRORSVM
812 698 918 724 VELA
949 682 1077 736 DARE]
1120 685 1353 734 Metaphora
1385 698 1408 722 a
1438 685 1549 722 naui-

135 755 179 786 10
205 747 365 797 gatione
404 759 448 784 eo
487 746 592 796 quod
623 747 848 795 contempta
878 745 1162 795 Epicureorum
1194 744 1460 794 disputatione
1491 757 1549 782 re-

206 806 309 843 uerti
346 818 384 843 se
424 805 473 843 ad
510 805 744 843 credendum
777 805 932 842 adserat
970 804 1061 842 deos
1094 816 1229 842 curare
1260 804 1462 853 mortalia,
1506 805 1552 841 ut

206 861 342 918 (Very.
368 864 464 902 Aen.
492 864 553 902 ΠΙ
579 859 701 917 686);

386 946 544 985 Certum
575 950 634 985 est
665 946 757 984 dare
788 946 910 984 lintea
941 948 1046 984 retro
1080 941 1259 997 (AFocV

327 1037 371 1080 5.
421 1037 655 1092 DIESPITER]
710 1040 801 1078 Diei
831 1043 956 1090 pater,
988 1040 1166 1090 Iuppiter
1197 1034 1444 1093 (AF(rf)V

138 1109 181 1139 15
327 1097 372 1140 6.
428 1113 514 1138 lem
559 1111 741 1138 coizvsco
785 1111 933 1138 NVBILA
970 1095 1180 1149 Divlnnxs]
1241 1099 1327 1137 Hoc
1364 1099 1439 1137 est:
1484 1099 1552 1148 qui

208 1160 344 1198 nubilo
382 1159 490 1198 caelo
527 1161 664 1198 tona-re
702 1159 764 1196 uel
803 1171 1004 1197 coruscare
1037 1159 1256 1206 consueuit,
1295 1170 1429 1196 sereno
1461 1170 1552 1195 uere

208 1221 320 1258 tonet
352 1214 438 1271 (leq.
465 1231 552 1257 aere
583 1214 745 1269 tonuit),
777 1221 821 1255 ut
852 1220 911 1256 est
943 1212 1077 1269 (Verq.
1101 1216 1198 1255 Aen.
1225 1217 1245 1254 I
1273 1212 1364 1269 90):

389 1300 541 1339 Crebris
574 1302 695 1339 micat
725 1301 881 1351 ignibus
914 1300 1049 1338 aether
1081 1294 1390 1352 (AF(rf)ch.
1412 1299 1552 1347 Porph

330 1391 373 1434 8.
406 1408 502 1434 EGIT
534 1407 664 1438 EQvos
696 1407 997 1437 VOLVCREMQVE
1030 1391 1084 1445 c.]
1133 1394 1192 1432 Ex
1224 1394 1336 1444 uulgi
1368 1394 1554 1443 opinione

138 1463 184 1494 20
209 1455 440 1504 plerumque
478 1466 612 1492 sensus
648 1456 788 1504 poetae
826 1454 1068 1503 concipiunt,
1111 1456 1155 1491 ut
1191 1454 1255 1491 hic
1292 1453 1338 1490 de
1376 1453 1554 1490 curribus

210 1514 360 1552 dictum
391 1526 461 1563 pro
494 1513 642 1562 Olimpi
674 1514 840 1563 strepitu
873 1508 1020 1565 (AFV
1035 1524 1132 1550 cons.
1152 1513 1290 1560 Porph.

330 1568 374 1611 9.
407 1585 540 1611 BRVTA
569 1568 741 1622 TELLvs]
774 1572 866 1610 Sine
892 1584 1006 1610 sensu
1031 1572 1146 1609 tarda
1171 1572 1235 1609 uel
1261 1570 1416 1619 stolida,
1448 1569 1553 1619 quod

211 1635 339 1670 terrae
372 1631 575 1681 epitheton
608 1634 667 1669 est
698 1625 900 1683 (AF(yf)
921 1642 1018 1668 cons.
1040 1631 1177 1678 Porph.

334 1685 409 1729 10.
435 1702 557 1729 INVISI
582 1702 765 1728 HORRIDA
785 1686 951 1740 TENARI]
983 1689 1305 1727 Promunturium
1324 1687 1556 1736 Laconicae,

141 1757 185 1787 25
212 1762 283 1799 per
314 1749 419 1798 quod
450 1749 655 1788 descensus
687 1761 768 1787 esse
801 1749 851 1786 ad
882 1749 1026 1786 inferos
1058 1749 1183 1786 fertur
1215 1742 1278 1800 (ex
1302 1742 1479 1799 Por-pla),
1509 1748 1555 1784 ut

214 1804 349 1860 (Very.
372 1820 496 1856 ⁸qeorgl.
524 1808 606 1845 ΠΠ
632 1803 754 1860 467):

392 1891 579 1928 Tenarias
612 1891 732 1928 etiam
763 1890 907 1938 fauces,
939 1890 1021 1927 alta
1051 1890 1182 1927 hostia
1212 1889 1317 1927 Ditis

215 1944 506 2000 (AFpraul.
527 1951 609 1987 sim.
631 1965 656 1986 α

335 2099 355 2129 3
381 2096 474 2140 Uerg}
498 2096 549 2141 A]
581 2096 680 2140 uirg:
720 2100 793 2131 cett.
941 2099 960 2129 5
987 2095 1018 2128 is
1044 2096 1133 2141 rep]
1166 2094 1222 2128 his
1249 2108 1272 2128 oc
1310 2093 1350 2128 id
1375 2093 1513 2137 AyfV

218 2147 236 2176 7
253 2142 397 2188 doctus]
413 2153 478 2176 om.
489 2144 523 2177 A
633 2147 652 2176 9
668 2143 886 2187 metaphora
902 2143 933 2188 ν]
948 2142 1130 2176 metafora
1140 2143 1203 2186 Ay
1213 2154 1236 2174 α
1346 2144 1387 2174 11
1403 2139 1486 2174 ads:
1501 2139 1556 2185 A}

217 2192 360 2224 asserat
378 2193 452 2224 cett.
553 2193 594 2223 16
611 2189 688 2223 celo
702 2191 737 2224 A
836 2193 878 2224 23
892 2191 988 2223 terre
1002 2190 1037 2223 A
1135 2192 1178 2222 24
1192 2187 1489 2232 promunturium
1502 2187 1557 2232 A]

216 2236 534 2282 promunctorium
553 2248 572 2270 r
582 2237 629 2271 Vc
653 2237 969 2280 promunctorium
984 2250 1003 2280 γ
1029 2237 1329 2280 promunctorum
1342 2235 1365 2277 f
1383 2244 1556 2278 promon-

216 2285 354 2320 torium
375 2295 403 2328 p
499 2283 689 2317 laconicae
715 2285 749 2317 A
759 2298 777 2327 y
782 2285 825 2329 p]
852 2283 1016 2317 laconice
1042 2284 1064 2325 f
1083 2282 1251 2317 laconiae
1279 2282 1432 2316 erons.
1455 2292 1472 2316 c
