1664 2563
156 486 175 516 5

134 806 176 835 10

135 1136 176 1167 15

134 1432 178 1462 20

135 1727 178 1757 25

202 70 258 111 62
645 67 895 103 EXPOSITIO
922 67 974 102 IN
999 67 1110 102 HOR.

319 194 412 218 BILE
445 177 600 231 TVMET]
644 180 731 218 Bile
763 180 985 229 iracundia,
1018 179 1216 217 quenalis
1250 174 1309 232 (6,
1336 174 1459 230 4333:

377 265 509 313 Atque
541 264 662 302 oculis
694 264 813 301 bilem
846 263 1080 313 substringit
1111 263 1256 311 opertis
1291 257 1484 315 (Asacp

322 354 365 397 5.
416 359 554 395 >1*Tunc
597 371 667 396 nec
710 370 818 395 mens
862 358 959 394 mihi
1002 370 1073 394 nec
1117 357 1223 395 color
1266 369 1295 394 c.
1329 369 1356 394 s.
1389 370 1438 394 m.
1472 351 1552 408 (σῇ

201 419 352 456 Voluor
392 418 514 454 uariis
553 417 858 468 cogitationibus
898 420 936 454 et
975 417 1080 455 color
1111 417 1151 453 in
1184 416 1339 454 diuersa
1370 418 1554 453 mutatur

204 473 273 530 (Γ
288 489 337 514 ccc
357 489 455 514 cons.
470 490 500 524 p

321 532 364 574 6.
393 548 506 573 viror.
533 548 582 572 ET
609 548 649 572 ix
677 547 807 572 cums
835 548 868 571 F.
897 531 951 585 μ’]
986 534 1166 572 Secretae
1192 535 1378 572 lacrimae
1405 534 1551 572 amoris

202 597 447 633 nimietatem
479 595 686 644 prodentes
721 590 775 647 (A
785 591 834 631 Γ’
850 608 902 632 cto
923 606 1021 631 cons.
1042 606 1060 630 6
1067 607 1097 641 p

323 650 364 693 7.
393 666 504 697 QVAM
531 666 673 691 Lnxris
700 649 888 704 anrrvs']
921 653 975 690 Vt
1002 648 1136 705 (Vera.
1158 651 1433 690 Aen.111166.
1456 646 1551 704 67):

700 737 772 774 Est
803 737 933 774 mollis
965 736 1124 774 flamma
1155 735 1348 773 medullas

415 796 570 834 Interea
603 792 659 848 (A
669 793 718 833 F'
727 791 767 848 (r
775 811 799 833 α
808 791 848 848 ν)
858 807 875 833 6
882 808 913 843 p

323 887 367 930 S.
400 887 589 941 PENrrVS]
646 891 815 928 Interius
850 885 1099 943 (AF't'rccv)

322 947 366 989 9.
400 949 533 988 *Ordo
567 953 641 987 est:
691 962 799 996 uror,
838 962 904 987 seu
942 949 1159 987 inmodicae
1197 949 1304 986 rixae
1335 950 1551 997 turparunt

203 1010 277 1048 tibi
321 1010 506 1047 candidos
551 1009 731 1047 humeros
769 1021 894 1056 mero,
938 1009 1020 1045 siue
1058 1021 1155 1056 puer
1192 1008 1325 1044 furens
1364 1008 1550 1056 inpressit

203 1082 414 1107 memorem
445 1071 580 1107 notam
612 1069 732 1105 labris
765 1068 879 1105 dente
913 1064 1019 1119 (F'cc
1039 1078 1137 1104 cons.
1158 1078 1176 1103 6
1182 1079 1213 1114 p

321 1140 483 1166 iumssvs
521 1124 648 1178 VROR]
704 1128 877 1175 Aspectu
917 1127 1085 1174 crucior,
1130 1127 1309 1175 quotiens
1349 1128 1418 1163 aut
1454 1125 1548 1163 uino

203 1201 272 1236 per
303 1189 429 1224 rixam
462 1190 531 1224 aut·
561 1200 631 1235 per
662 1187 865 1223 libidinem
899 1188 1001 1223 certe
1034 1186 1176 1223 amoris
1210 1185 1372 1222 alterius
1399 1185 1440 1221 in
1467 1196 1547 1222 cor-

202 1259 297 1295 pore
328 1250 398 1284 tuo
431 1248 543 1296 signa
575 1257 809 1294 conspexero
843 1240 1063 1297 (AF'aop
1082 1241 1214 1282 conse

324 1300 399 1344 10.
422 1316 624 1342 CANDIDOS
645 1317 884 1342 TVRPARYNT
906 1300 1114 1354 HVMERos]
1134 1303 1277 1341 Liuore
1296 1302 1550 1340 reddiderunt

203 1365 395 1403 deformes
430 1360 577 1416 (AP'o

322 1420 568 1474 INMODICAE]
624 1423 828 1460 Inmensae
860 1418 990 1473 (Asa

326 1478 400 1521 ll.
457 1483 633 1520 ssFurens
667 1477 774 1533 (φῆ
838 1481 997 1519 Scilicet
1034 1481 1272 1530 inpatientia
1304 1480 1447 1518 amoris
1481 1474 1549 1531 (P'

205 1555 292 1590 ccop
311 1553 410 1579 cons.
431 1554 449 1579 6

327 1596 401 1639 12.
440 1612 648 1637 INPRESSIT
686 1611 885 1636 MEMOREM
923 1594 1081 1648 NOTAM]
1137 1598 1211 1636 Per
1249 1610 1367 1647 quam
1406 1597 1548 1635 amoris

204 1660 424 1698 recordatio
457 1662 680 1697 seruaretur
712 1654 767 1710 (A
777 1655 826 1695 F'
839 1671 870 1706 p
890 1669 988 1695 cons.
1009 1669 1087 1695 aoc

328 1714 402 1757 13.
452 1730 533 1756 NON
571 1730 606 1755 sl
644 1730 699 1754 ME
738 1729 850 1754 saris
888 1713 1055 1767 Avas]
1113 1715 1217 1754 Ordo
1254 1716 1318 1753 hic
1357 1717 1430 1753 est:
1470 1727 1547 1752 non

206 1791 353 1826 speres,
391 1779 423 1815 si
460 1791 521 1815 me
560 1777 714 1825 audias,
753 1777 992 1814 amatoribus
1025 1776 1268 1813 dulcedinem
1301 1786 1382 1812 esse
1412 1786 1547 1823 perpe-

206 1841 316 1875 tuam
348 1832 506 1885 (ΑΓαο

326 1988 343 2017 1
370 1984 484 2018 bilem
510 1984 741 2018 iracundiam
767 1984 816 2028 A]
844 1983 1037 2017 iracundia
1062 1995 1112 2017 roc
1138 1981 1369 2016 iracundiam
1389 1994 1409 2024 y
1434 1979 1548 2013 bilem

206 2033 331 2065 autem
356 2031 572 2065 iracundam
593 2043 622 2075 p
664 2031 739 2064 bile
765 2033 888 2064 autem
914 2030 1108 2064 iracundia
1133 2041 1171 2072 c;
1201 2033 1351 2064 ceterum
1375 2028 1420 2070 ef.
1441 2027 1546 2061 schol.

206 2090 233 2113 6.
255 2080 281 2112 Ι
297 2081 330 2120 5,
351 2082 372 2112 9
399 2083 430 2112 et
455 2080 480 2112 I
494 2081 530 2117 2,
550 2080 597 2112 32
616 2079 712 2112 unde
732 2079 889 2121 efficitur
906 2078 1059 2119 fortasse
1078 2075 1304 2111 scribendum
1323 2085 1393 2109 esse
1413 2073 1548 2107 ‘bilem

206 2125 438 2159 iracundiam
466 2125 577 2159 dicit'
653 2125 837 2159 iuuenalis
859 2145 900 2148 —
922 2124 1074 2169 opertis]
1092 2135 1184 2158 ome
1280 2126 1300 2156 6
1327 2121 1380 2166 L.]
1409 2121 1442 2155 d.
1465 2122 1500 2155 A

208 2174 346 2206 secrete
372 2174 407 2206 A
552 2176 571 2205 8
597 2173 724 2206 scholii
750 2173 812 2205 ‘ut
832 2193 874 2196 —
896 2171 1057 2205 interea’
1084 2175 1172 2205 ‘nota
1197 2170 1312 2212 adest,
1343 2168 1403 2203 secl
1428 2169 1548 2212 ipsum

206 2220 415 2264 schol.0m.y
497 2223 536 2252 11
560 2219 729 2263 interius]
752 2219 898 2263 penitus
920 2220 1043 2252 autem
1063 2217 1217 2251 interius
1237 2230 1260 2250 α
1337 2219 1377 2249 16
1400 2212 1497 2249 certe
1511 2216 1546 2249 A

208 2269 305 2301 certe
332 2278 440 2311 yacp
484 2266 574 2299 certi
601 2278 646 2300 ro
673 2278 736 2300 om.
761 2280 780 2299 ν
877 2269 921 2299 ‘20
947 2265 1111 2299 inmense
1132 2266 1166 2298 A
1263 2266 1307 2297 ‘25
1334 2263 1437 2307 ordo]
1466 2273 1547 2296 sen-

209 2326 268 2348 sus
289 2326 308 2349 r
403 2313 463 2347 hic
485 2325 548 2348 om.
564 2316 651 2347 Γαο
750 2317 792 2346 26
820 2313 948 2347 audies
977 2326 1028 2357 γα
