1664 2563
146 746 196 776 ‹10

151 1076 195 1107 15

151 1371 197 1402 20

147 1665 194 1696 25

224 60 246 99 1
254 59 309 100 84
664 58 914 94 EXPOSITIO
939 58 991 93 m
1016 58 1126 93 HOR.

347 165 422 209 18.
458 165 531 209 19.
565 183 616 207 ET
647 183 773 208 DANAI
806 182 934 208 GENVS
966 167 1137 222 INFAME]
1172 171 1382 209 Famosum
1414 185 1437 209 a
1467 172 1564 209 facti

223 231 403 278 crimine3
446 229 576 267 Danai
614 231 716 267 enim
753 229 857 267 filiae
894 243 972 267 una
1008 232 1120 268 nocte
1158 231 1264 268 iussu
1301 231 1425 280 patris
1465 231 1563 280 occi-

223 289 367 327 derunt
397 290 571 337 maritos,
603 289 705 327 unde
735 288 934 339 Vergilius
967 284 1082 341 (Aen.
1109 290 1143 326 X
1169 291 1265 327 497.
1292 285 1416 342 498):

858 359 946 397 Vna
980 360 1050 398 sub
1081 363 1194 398 nocte
1226 361 1352 410 iugali

438 418 558 457 Caesa
590 431 727 457 manus
759 420 963 456 iuuenum!

221 502 334 539 Vnde
384 515 454 551 pro
504 501 651 539 ultione
702 503 896 539 commissi
939 501 1043 550 apud
1086 502 1231 539 inferos
1275 503 1383 539 urnis
1427 502 1564 540 fractis

224 574 366 609 aquam
398 561 588 598 indefesse
619 561 873 610 perhibentur
903 561 1060 597 haurire
1094 556 1309 613 (AF'abV

343 615 417 658 20.
446 631 664 657 DAMNATvs
693 631 870 657 SISIPHvs
890 616 1149 669 <A>EOLIDES
1168 615 1360 670 LABoms]
1392 619 1563 657 Damna·

221 682 307 716 tum
333 679 477 717 laboris
503 679 603 716 dixit
628 681 672 716 ut
692 679 899 716 damnatus
920 679 1060 728 capitis
1081 673 1187 727 (item
1204 674 1377 731 Pomm),
1403 678 1564 717 damna—

222 740 285 776 tus
312 739 554 776 iniuriarum.
611 737 718 775 Haec
745 740 876 776 autem
902 738 1006 787 apud
1030 738 1175 776 inferos
1203 737 1413 787 Sisyphum
1437 750 1565 787 poena

222 810 379 835 manere
411 798 572 845 dicitur,
612 800 657 834 ut
689 809 824 835 saxum
857 800 992 834 contra
1022 798 1166 834 montis
1197 798 1384 834 uerticem
1415 798 1564 844 uoluat⁷

222 869 298 905 quo
337 869 488 906 semper
524 857 677 905 relapso
715 856 831 894 finem
869 868 1083 905 numquam
1114 858 1284 893 meretur
1315 856 1479 904 laboris3
1516 856 1564 893 de

223 928 298 964 quo
330 916 529 966 Vergilius
563 910 678 967 (Aen.
698 915 755 952 VI
783 910 904 967 616):

435 985 579 1024 Saxum
610 987 746 1036 ingens
778 987 947 1024 uoluunt
979 987 1058 1024 alii.

221 1068 297 1106 Pro
341 1069 413 1106 hoc
458 1072 589 1105 tamen
633 1069 784 1118 flagitio
828 1070 902 1106 tali
945 1081 1070 1117 poena
1113 1069 1312 1116 perculsus
1351 1070 1426 1117 est,
1471 1069 1564 1117 quia,

221 1127 408 1178 Eginam,
445 1127 570 1176 Asopi
606 1127 747 1175 filiam,
785 1127 964 1176 Iuppiter
1002 1127 1204 1164 adamaruit
1242 1140 1404 1176 eamque
1436 1130 1564 1165 custo-

223 1187 309 1224 diae
350 1188 476 1235 patris
514 1187 651 1223 furtim
683 1186 879 1236 subripuit
911 1190 951 1224 et
983 1187 1132 1224 factum
1165 1185 1333 1235 Sisypho
1365 1187 1565 1224 confessus

223 1248 289 1283 est.
347 1246 419 1283 Ille
450 1246 621 1282 humana
653 1246 816 1283 leuitate
849 1246 1053 1294 quaerenti
1083 1247 1189 1294 patri
1219 1245 1404 1294 prodidit.
1459 1245 1563 1283 Hinc

222 1305 296 1342 tali
328 1304 433 1353 apud
464 1305 609 1342 inferos
641 1317 767 1353 poena
799 1305 1006 1342 damnatus
1039 1307 1098 1342 est
1129 1299 1345 1356 (AP‘abV

344 1358 419 1402 21.
452 1375 685 1405 LINQVENDA
717 1360 888 1414 TELLVS]
938 1364 975 1400 A
1005 1363 1262 1401 morientibus
1294 1363 1454 1411 scilicet,
1487 1375 1565 1412 qua,

223 1424 341 1461 etiam
376 1422 505 1460 dulces
536 1423 787 1472 relinquntur
818 1423 978 1460 affectus
1012 1417 1203 1475 (AF'bV

342 1476 417 1520 23.
438 1493 593 1519 INVISAS
622 1478 866 1532 CVPRESSOS]
900 1482 1020 1531 Rogis
1047 1483 1085 1519 et
1109 1481 1279 1519 luctibus
1306 1483 1565 1530 consecratas,

221 1543 268 1578 ut
298 1540 497 1590 Vergilius
530 1536 646 1592 (Aen.
668 1540 724 1577 VI
752 1541 846 1579 216.
876 1535 997 1593 217):

786 1611 838 1648 Et
868 1611 1008 1648 ferales
1042 1613 1131 1648 ante
1164 1622 1364 1660 cupressos

434 1669 689 1708 Constituunt

223 1744 262 1779 et
295 1736 409 1793 (Aen.
436 1741 497 1778 III
525 1735 615 1793 64).

434 1799 630 1838 Caeruleis
649 1803 821 1838 maestae
841 1801 953 1837 uittis
974 1802 1137 1847 atraque
1158 1811 1339 1847 cupresso
1358 1789 1467 1851 (AT'
1470 1799 1517 1836 ab
1530 1798 1565 1836 V

340 1927 360 1956 3
386 1924 485 1968 uirg:
516 1924 616 1958 codd.
763 1927 780 1956 7
807 1923 956 1967 prohib:
984 1924 1047 1967 Ay
1192 1922 1312 1957 aurii-e
1337 1923 1433 1957 Aab
1453 1933 1513 1966 pr.

222 1973 243 2004 8
282 1970 498 2005 damnatum
524 1971 655 2024 AFV]
684 1970 926 2014 dampnatum
951 1971 1033 2005 ocbv
1131 1973 1150 2003 9
1177 1970 1400 2014 dampnatus
1426 1968 1561 2012 capitis

223 2018 367 2062 (captus
393 2019 427 2061 ν)
453 2017 513 2051 uel
538 2017 758 2051 iniuriarum
777 2019 843 2053 vV
982 2020 1024 2050 10
1044 2017 1151 2062 haec]
1171 2017 1240 2051 hoc
1254 2017 1321 2051 Aa
1346 2016 1417 2050 hac
1436 2020 1509 2050 cett.

222 2064 413 2108 sisyphum
449 2065 482 2110 r]
517 2065 696 2109 sisiphum
720 2065 752 2098 A
895 2074 992 2110 pena
1017 2066 1053 2098 A
1198 2067 1240 2098 13
1271 2063 1370 2107 uirg:
1409 2062 1509 2097 codd.

224 2114 267 2145 15
292 2121 390 2164 pena
414 2113 449 2145 A
474 2113 607 2155 (poena
634 2115 668 2146 Γ
672 2111 747 2156 'ab)
847 2114 888 2145 17
915 2111 1054 2155 sisipho
1075 2112 1121 2154 A,
1146 2115 1235 2145 recte
1258 2111 1305 2145 rb
1403 2112 1445 2143 18
1471 2119 1559 2152 que-

220 2157 318 2192 renti
343 2159 379 2192 A
485 2161 527 2192 19
553 2169 650 2205 pena
675 2160 710 2193 A
813 2161 857 2192 20
883 2168 956 2201 qua.
981 2157 1071 2192 AF‘
1081 2159 1117 2204 b]
1144 2157 1232 2201 quia
1259 2158 1337 2201 ch
1434 2159 1476 2190 21
1502 2166 1557 2190 re·

220 2204 414 2249 linquntur
446 2205 465 2239 b
486 2217 543 2249 pr.
579 2205 768 2249 relinqunt
794 2207 829 2240 V
859 2204 1101 2248 relinquimus
1127 2218 1147 2249 y
1184 2203 1443 2247 relinquuntur
1468 2204 1558 2238 Arb

221 2262 311 2287 corr
332 2265 354 2286 ν
486 2256 528 2286 22
554 2251 652 2286 idest
675 2252 775 2297 rogis
801 2253 910 2296 vap
1036 2255 1079 2286 23
1104 2251 1203 2296 uirg:
1224 2251 1323 2286 codd.
1451 2253 1494 2284 26
1521 2252 1559 2284 et

223 2309 323 2333 caer:
345 2320 387 2324 —
412 2299 598 2344 cupresso]
626 2311 690 2334 om.
713 2301 777 2334 vV
870 2303 912 2333 27
939 2298 1093 2333 ceruleis
1119 2300 1154 2332 A
1250 2298 1366 2343 meste
1386 2298 1422 2331 A
