1664 2563
620 77 763 112 CARM.
784 77 801 111 Ι
822 82 875 112 15.
900 81 941 111 16
1402 78 1453 118 71

106 191 207 240 pitia
246 192 314 228 aut
352 191 478 228 amica
515 191 702 240 porriget,
735 190 801 227 sed
834 191 874 227 in
905 202 1049 239 paucos
1083 190 1164 227 dies
1191 189 1343 227 differet
1369 191 1437 226 uin

108 250 253 287 dictam
285 244 389 302 (AF
402 261 502 287 cons.
522 261 578 297 cp

64 312 69 327 ‘'
225 303 303 347 34.
353 305 563 359 ACHILLEI]
627 309 787 346 Veteres
838 309 1118 346 declinationes
1169 309 1246 345 ista
1290 308 1453 345 habent:

107 364 322 406 ‘Achillei'
358 364 436 419 [ut]
472 370 510 406 et
543 364 715 406 ‘Vlixei’
748 363 942 420 (Asacp
961 379 1060 405 cons.
1081 368 1220 415 Porph.

225 422 301 466 35.
351 439 452 465 POST
495 439 649 465 CERTAS
694 423 862 478 mimus]
938 427 1014 465 Pro
1059 428 1171 464 annis
1215 428 1365 476 posuit,
1408 428 1453 464 ut
1503 434 1522 465 5

104 481 241 540 (Vera.
267 485 365 524 Aen.
392 487 411 524 Ι
439 482 560 539 266):

282 570 487 619 Ternaque
518 571 748 607 transierint
780 570 938 607 Rutulis
970 569 1134 606 hiberna
1166 569 1349 607 subactis.

101 664 206 702 Nam
238 667 277 703 et
309 667 476 703 aestates
509 666 692 703 similiter
723 666 855 714 posuit
886 659 1103 717 (Ascons.
1124 676 1179 712 cp

635 937 790 975 CARM.
817 938 836 975 Ι
865 939 916 975 16

427 1041 750 1096 [TINDAR1D<A>E
784 1055 1019 1081 SATISFACIT
1052 1039 1125 1096 (A]
1476 1053 1519 1083 10

216 1139 414 1177 ss'Metrum
447 1140 598 1178 duobus
631 1140 807 1178 uersibus
834 1140 1050 1188 Alcaicum,
1083 1139 1188 1188 quod
1220 1141 1376 1178 constat
1401 1153 1447 1177 ex

97 1198 287 1248 spondeo,
325 1200 474 1248 iambo,
513 1212 673 1238 caesura
711 1200 881 1237 iambica
918 1200 1192 1249 pentimemeri
1224 1201 1263 1236 et
1294 1199 1445 1237 duobus

97 1258 266 1307 dactilis,
298 1260 372 1296 ita:
404 1272 426 1297 o
459 1272 524 1296 ma
545 1279 551 1285 ·
572 1262 631 1296 tre
657 1260 756 1308 pul·
779 1259 872 1296 chra
905 1279 911 1286 ·
944 1258 1028 1295 filia
1054 1279 1061 1285 ·
1088 1259 1301 1308 pulchrior.
1354 1259 1446 1296 Ter-

96 1318 175 1355 tius
208 1318 375 1356 dimeter
405 1318 598 1356 iambicus
631 1318 994 1367 ypercatalecticus,
1026 1318 1101 1355 ita:
1133 1329 1265 1367 pones.
1329 1317 1415 1355 Iam
1436 1337 1444 1345 ·

95 1376 155 1414 bis
189 1377 222 1415 si
243 1397 250 1404 ·
272 1391 319 1415 ue
344 1378 514 1415 flamma.
565 1377 738 1422 Quartus
765 1377 1008 1425 Pindaricus,
1040 1379 1196 1415 constat
1222 1390 1266 1415 ex
1292 1377 1443 1415 duobus
1472 1385 1514 1416 15

95 1435 252 1473 dactilis
286 1439 324 1474 et
350 1437 499 1475 duobus
525 1438 708 1484 trocheis,
739 1438 813 1474 ita:
846 1437 929 1474 siue
960 1449 1052 1474 ma·
1074 1438 1109 1474 ri
1140 1437 1238 1474 libet
1258 1457 1264 1463 -
1286 1436 1413 1474 Hadri
1435 1457 1441 1463 -

96 1507 171 1533 ano
204 1490 308 1547 (ΒΓ
322 1508 421 1534 cons.
441 1508 497 1544 cp

218 1550 259 1594 l.
294 1567 318 1593 o
350 1567 487 1592 MATRE
514 1552 758 1606 PVLC<H>RA
784 1568 894 1593 FILIA
919 1551 1167 1606 PVLCHRIOR]
1202 1555 1316 1593 Hanc
1343 1555 1442 1592 oden

94 1613 284 1652 Horatius
316 1616 357 1652 in
389 1616 699 1653 satisfactionem
731 1615 825 1653 fecit
857 1616 1005 1652 amicae
1035 1627 1139 1663 suae,
1172 1627 1291 1663 quam
1316 1615 1440 1652 iratus

94 1675 266 1712 carmine
285 1675 464 1723 laeserat,
485 1676 718 1724 promittens
740 1674 944 1722 abolenda,
966 1687 1065 1723 quae
1086 1674 1132 1711 de
1153 1686 1198 1711 ea
1218 1675 1440 1722 scripserat,
1467 1681 1512 1712 20

92 1733 272 1771 imitatus
306 1730 688 1785 Ste[r]sic<h>0mm
719 1737 878 1783 poetam
911 1733 1104 1781 Siculum,
1143 1734 1210 1781 qui
1241 1734 1440 1782 uitupera-

213 1886 230 1915 1
256 1882 421 1927 porriget
435 1883 620 1929 Hazathal]
640 1883 799 1927 porrigit
814 1897 832 1927 γ
859 1883 1030 1927 proteget
1044 1882 1162 1926 Arcp
1217 1882 1273 1915 set
1287 1896 1307 1926 γ
1334 1892 1393 1924 ε,ο

91 1927 239 1963 differet
259 1931 323 1976 yo]
350 1929 499 1964 differat
518 1931 580 1965 Ar
606 1929 772 1964 differret
791 1941 808 1964 c
840 1929 981 1974 profert
996 1941 1023 1973 p
1120 1933 1140 1962 4
1166 1930 1209 1963 ut
1228 1931 1266 1963 et
1285 1929 1336 1974 A]
1356 1930 1399 1962 ut
1417 1943 1438 1974 γ

91 1977 130 2010 et
143 1988 217 2020 rep
309 1981 327 2011 7
348 1978 582 2022 uernamq.A
654 1978 828 2012 hibernas
843 1978 878 2012 A
966 1981 1006 2010 11
1029 1976 1212 2011 alcaicum
1226 1977 1276 2022 B]
1299 1976 1437 2010 alchai-

90 2034 176 2057 cum
188 2028 263 2058 cett.
382 2029 424 2059 12
445 2025 704 2070 pentimemeri
723 2025 823 2070 Pop]
840 2024 1094 2069 pentihemere
1108 2026 1144 2059 B
1261 2027 1303 2058 13
1323 2024 1378 2058 ita
1393 2045 1437 2049 ——

89 2071 295 2118 pulchrior]
323 2083 388 2107 om.
420 2074 454 2107 B
595 2073 661 2118 pul
683 2094 688 2098 -
711 2084 773 2107 cra
799 2085 817 2107 r
860 2072 989 2116 pulcra
1023 2086 1043 2117 y
1181 2071 1344 2116 pulcrior
1369 2085 1390 2116 y

92 2133 135 2163 14
163 2122 280 2165 dime‘t
311 2132 363 2177 B]
390 2123 503 2166 diij
527 2134 560 2166 Γ
708 2131 1042 2176 ypercatalecticus
1071 2132 1105 2166 B
1142 2128 1254 2176 ypffir:
1280 2131 1311 2176 c]
1339 2130 1437 2175 iper-

90 2178 331 2213 catalecticus
357 2181 391 2213 Γ
425 2179 770 2224 hipercataletticus
786 2191 815 2223 p
958 2179 1013 2212 ita
1027 2200 1070 2203 —
1084 2178 1248 2224 flamma]
1271 2190 1337 2213 om.
1352 2180 1388 2213 B

92 2239 135 2270 16
163 2236 234 2271 dac
252 2239 289 2272 B
315 2238 465 2272 dactilis
491 2243 566 2273 cett.
665 2231 770 2272 troch
785 2239 820 2272 B
917 2237 972 2271 ita
993 2259 1036 2263 —-
1056 2237 1253 2283 hadriano]
1276 2238 1388 2272 om.B

92 2286 134 2316 19
162 2285 280 2319 amice
306 2286 342 2320 A
445 2289 488 2320 20
514 2286 650 2320 leserat
675 2287 711 2321 A
814 2289 851 2318 ‘21
885 2285 1120 2319 stersicorum
1146 2285 1282 2330 Ayop]
1311 2284 1436 2318 stersi-

90 2341 212 2365 corem
237 2344 257 2366 r
288 2333 527 2367 starsicorum
553 2345 570 2368 c
590 2345 654 2368 om.
677 2347 700 2366 α
