1664 2563
167 863 210 893 10

169 1591 215 1621 20

235 107 322 149 374
677 102 928 138 EXPOSITIO
955 102 1008 137 IN
1031 102 1143 137 HOR.

357 212 433 330 l)l.
489 212 744 266 EMOVITQVE]
806 215 951 264 Eiecit,
998 215 1184 262 remouit,
1234 215 1280 251 ut
1323 208 1459 266 (Verq.
1484 210 1586 251 Aen.

235 278 275 315 Π
301 278 385 317 493
415 291 424 315 2

448 359 582 397 Emoti
612 357 875 407 procumbunt
907 356 1065 394 cardine
1096 358 1228 406 postes
1261 350 1366 409 (AV

357 448 433 492 12.
466 465 518 490 ET
549 463 732 491 VETERES
764 463 995 489 REVOCAVIT
1026 446 1176 501 ARTEs]
1232 449 1278 487 In
1308 450 1370 487 his
1397 449 1587 497 quattuor
1634 453 1636 456 '

239 513 453 551 uirtutibus
497 513 649 549 ueteres
692 511 800 548 uitae
845 511 948 548 artes
992 521 1074 547 esse
1115 509 1314 547 dicebant:
1362 507 1586 557 prudentia,

235 572 404 620 iustitia,
434 570 667 609 fortitudine
700 572 739 607 et
769 570 1044 618 temperantia.
1099 568 1174 605 Per
1203 568 1275 605 has
1307 579 1461 605 omnem
1485 566 1586 615 poli-

236 632 335 669 tiam
367 632 546 669 constare
578 629 789 667 uoluerunt
822 623 926 681 (AV

353 697 505 751 ARTES]
561 700 800 748 Disciplinas
834 683 938 750 (AV

358 767 434 811 15.
491 784 546 808 AD
580 766 727 821 ORTvs]
790 769 845 806 Vt
878 764 1014 821 (Ver-9.
1040 767 1137 806 Aen.
1164 768 1183 804 Ι
1212 768 1309 805 287.
1336 761 1458 818 288):

415 854 630 904 Imperium
662 851 830 899 Oceano,
862 853 1009 890 famam
1042 851 1109 900 qui
1139 851 1326 888 terminet
1358 849 1486 897 astris,

414 913 539 951 Iulius
577 907 678 965 (AV
700 913 784 950 sim.
805 912 867 949 Pb

361 1002 436 1046 16.
470 1002 602 1057 sons]
652 1005 714 1043 Ab
741 1004 901 1043 Oriente
934 1004 983 1042 ad
1010 1002 1200 1042 Occasum
1231 1004 1441 1052 imperium
1466 1001 1587 1051 signi-

239 1066 330 1104 ficat
360 1066 585 1115 peruenisse
611 1065 845 1112 Romanum,
877 1066 921 1100 ut
948 1058 1084 1115 (Very.
1109 1062 1207 1100 Aen.
1234 1061 1313 1098 VH
1341 1062 1435 1099 100.
1466 1054 1588 1112 101):

808 1145 894 1190 Qua
925 1146 984 1183 sol
1014 1148 1226 1193 utrumque
1256 1155 1460 1182 recurrens

453 1207 629 1256 Respicit
661 1204 860 1243 Oceanum
891 1199 995 1257 (AV

357 1297 614 1352 <H)ESPER10
649 1295 802 1350 CVBILI]
859 1299 919 1336 Ab
954 1297 1105 1336 Occasu
1138 1293 1242 1350 (AV

362 1366 438 1410 17.
466 1366 541 1410 18.
573 1367 708 1421 (NEC)
733 1381 867 1408 FVROR
894 1365 1059 1420 cuums]
1108 1369 1192 1406 Nec
1216 1368 1364 1406 bellum
1389 1367 1504 1405 ciuile
1531 1368 1591 1404 est

240 1443 310 1468 nec
341 1431 401 1468 uis
433 1431 631 1479 inquietat
662 1429 787 1468 otium
819 1425 923 1481 (AV

359 1501 442 1537 ssvt
475 1496 611 1552 (Very.
637 1499 735 1537 Aen.
762 1499 781 1536 I
809 1494 930 1551 291):

449 1584 600 1632 Aspera
637 1585 722 1619 tum
760 1582 899 1631 positis
937 1582 1144 1618 mitescent
1175 1580 1331 1618 saecula
1362 1578 1475 1616 bellis
1509 1572 1590 1630 (Pb

364 1672 440 1715 18.
490 1673 660 1727 EXIGET]
717 1675 908 1713 Excludet
941 1669 1045 1727 (AV
1067 1686 1110 1712 ex
1134 1673 1275 1721 Porplz.

364 1742 439 1786 19.
472 1759 677 1785 PROCVDIT
709 1742 852 1797 ESSEs]
909 1745 1120 1783 Incudibus
1145 1743 1328 1794 procudit
1354 1745 1393 1780 et
1418 1742 1590 1780 fabricat

244 1802 348 1858 (AV
369 1818 414 1844 επ
437 1807 577 1854 Porph.

362 1865 446 1902 *Vt
477 1860 613 1917 (Vm-9.
638 1863 737 1902 Aen.
763 1863 842 1900 VII
869 1858 991 1915 508):

458 1947 597 1984 Telum
627 1948 686 1983 ira
717 1946 815 1983 facit
848 1940 905 1997 (F

364 2096 383 2126 6
409 2093 679 2137 temperatione
708 2094 742 2127 V
862 2102 928 2136 per
952 2091 1020 2125 has
1046 2101 1172 2125 omnes
1198 2089 1368 2124 constare
1392 2086 1592 2122 uoluerunt

245 2139 464 2183 disciplinas
489 2151 538 2184 cp
634 2150 780 2174 omnem
799 2138 971 2183 politiam
985 2138 1036 2184 A]
1058 2148 1165 2172 omne
1183 2139 1345 2181 sequente
1363 2135 1499 2169 laewna
1513 2134 1549 2169 V

249 2190 290 2221 16
316 2186 509 2243 (ῌθερθῑ-ὶο
537 2188 585 2231 V)
685 2190 725 2221 17
748 2186 839 2231 (Nec
865 2186 938 2230 Vp)
1036 2184 1176 2219 bellum
1196 2204 1240 2208 —
1261 2183 1378 2217 otium
1396 2181 1448 2227 A]
1468 2180 1502 2215 b.
1525 2191 1557 2216 c.
1576 2180 1591 2215 i

246 2257 290 2280 ex
316 2246 409 2280 ot.V
517 2248 559 2279 18
585 2245 773 2289 inquietat
792 2245 858 2289 K.]
885 2244 1008 2286 inquit
1033 2244 1071 2277 et
1096 2244 1135 2277 at
1156 2243 1202 2284 A,
1228 2245 1340 2276 totum
1358 2239 1463 2274 schol.
1483 2250 1551 2274 om.
1571 2250 1591 2274 c

246 2294 303 2326 est
321 2313 367 2318 ——
387 2292 505 2327 otium
530 2303 595 2326 om.
619 2303 647 2335 p
776 2295 819 2325 22
840 2291 1005 2325 Procidit
1025 2291 1060 2324 A
1085 2291 1126 2324 in
1152 2289 1278 2330 lemm.5
1301 2291 1391 2322 recte
1416 2286 1478 2331 Vp
1503 2296 1588 2331 pro-

247 2339 365 2373 cludit
389 2351 408 2375 c
502 2338 676 2384 procudit
703 2339 752 2384 V]
780 2337 952 2382 producit
977 2338 1069 2381 Acp
