1664 2563
147 607 166 636 5

125 926 167 957 10

127 1329 168 1359 15

128 1754 146 1782 {2
154 1753 171 1783 (ᾗ)

194 95 250 136 80
635 95 884 130 EXPOSITIO
910 96 961 130 IN
986 95 1096 131 HOR.

726 278 880 316 OARM.
906 279 927 316 Ι
955 280 1006 316 18

558 381 630 435 [AD
663 397 900 427 QVINTILWM
931 398 1069 424 VARVM
1101 381 1173 438 (A]

311 480 509 517 '⁴²Metrum
553 480 877 528 choriambicum,
920 482 1102 518 constans
1147 494 1191 518 ex
1232 480 1422 530 spondeo,
1464 481 1536 517 tri-

193 539 263 576 bus
296 539 531 576 choriambis
565 542 603 576 et
633 540 832 588 pyrrichio
865 540 947 577 siue
979 540 1127 588 iambo,
1165 540 1247 577 siue
1279 539 1536 578 Phaleucium

195 598 251 650 (Β
260 600 324 635 Γα
343 609 442 636 cons.
462 609 518 646 cp

314 664 357 707 1.
382 681 546 707 NVLLAM
571 681 677 707 VARE
704 665 753 719 s.]
789 669 933 707 Scribit
958 669 1008 706 ad
1032 669 1194 717 Varum,
1219 669 1341 706 fidum
1366 670 1535 707 amicum

194 728 285 777 sibi,
323 728 487 766 laudans
520 729 771 766 Tiburtinum
803 730 956 777 uinum,
995 731 1033 766 et
1065 728 1219 776 suadet,
1250 730 1295 765 ut
1327 729 1420 777 quia
1450 741 1536 766 uer-

194 801 288 824 num
325 790 533 837 conpetens
571 789 725 836 tempus
764 789 840 835 est,
878 787 1029 825 nullam
1068 788 1245 826 arborem
1276 788 1386 836 prius
1418 800 1538 836 quam

194 848 316 884 uitem
348 848 469 895 ponat
501 842 659 899 (ΑΓαο
680 858 778 884 cons.
799 858 854 894 cp

313 914 496 967 sssvnms]
530 917 723 965 Posueris,
754 921 799 955 ut
829 918 1028 968 Vergilius
1061 912 1202 970 (θεον-9.
1228 917 1269 954 II
1296 911 1418 969 319):

407 999 567 1050 Optima
598 1002 741 1039 uinetis
774 1001 874 1038 satio
906 1013 993 1038 cum
1025 1013 1115 1038 uere
1145 999 1302 1038 rubenti

196 1090 252 1136 (A
262 1096 326 1132 Γα
345 1106 444 1132 cons.
466 1107 522 1142 cp

315 1161 358 1204 2.
402 1178 499 1202 MITE
532 1162 681 1216 somam]
745 1166 987 1214 Fecundum,
1019 1165 1233 1214 excultum,
1264 1167 1309 1202 ut
1339 1165 1537 1215 Vergilius

196 1219 337 1277 (aem-9.
364 1225 404 1261 Π
432 1221 554 1276 239):

408 1320 465 1356 Ea
497 1332 566 1357 nec
597 1321 835 1357 mansuescit
866 1319 1012 1357 arando
1045 1317 1179 1371 (ΑΓα
1198 1330 1298 1356 cons.
1317 1330 1373 1366 cp

316 1421 360 1464 3.
400 1422 544 1477 SICCIS]
602 1426 677 1463 Pro
709 1426 848 1463 sobriis
881 1428 919 1463 et
949 1426 1090 1463 ieiunis
1122 1426 1186 1463 uel
1217 1425 1309 1462 uino
1343 1424 1538 1462 abstinen-

196 1485 318 1533 tibus,
357 1486 438 1523 sine
476 1498 552 1533 quo
590 1498 678 1523 raro
710 1485 864 1523 laetitia
896 1487 971 1533 est,
1008 1487 1053 1522 ut
1084 1479 1220 1537 (Very.
1246 1483 1344 1521 Aen.
1369 1483 1390 1521 I
1417 1477 1538 1536 734):

409 1579 525 1616 Adsit
556 1579 733 1617 laetitiae
764 1579 939 1617 Bacchus
973 1579 1086 1616 dator
1118 1572 1248 1630 (Ara
1267 1590 1366 1616 cons.
1386 1588 1442 1625 ep

317 1680 361 1724 4.
402 1696 620 1723 MORDACES
654 1680 1003 1734 sonmcmvomns]
1063 1683 1206 1732 Curae,
1238 1696 1337 1733 quae
1368 1685 1540 1721 mentem

198 1744 402 1783 mordeant
433 1747 471 1782 et
503 1745 684 1782 crucient.
746 1744 944 1794 Vergilius
977 1738 1093 1795 (Aen.
1119 1743 1139 1780 Ι
1166 1737 1288 1795 261):

411 1838 574 1883 Quando
605 1839 700 1876 haec
731 1840 770 1876 te
803 1850 894 1876 cura
925 1837 1120 1875 remordet
1152 1831 1280 1890 (AFf
1292 1848 1392 1875 cons.
1412 1848 1468 1884 cp

319 2013 338 2043 3
366 2010 630 2044 coriambicum
650 2010 685 2043 Β
767 2010 938 2044 constans
958 2008 992 2054 r]
1014 2019 1078 2044 om.
1094 2009 1247 2053 Byoccp
1343 2011 1364 2040 4
1384 2006 1539 2042 coriam-

199 2056 257 2090 bis
283 2057 318 2090 Β
391 2057 567 2101 pirrichio
594 2058 669 2101 By,
696 2061 785 2092 recte
809 2069 828 2092 r
853 2058 943 2100 (pyr,
964 2059 1001 2100 α)
1075 2056 1154 2089 siue
1174 2055 1202 2090 i:
1224 2075 1269 2080 -
1288 2054 1372 2100 ph:]
1393 2065 1490 2089 0772.oe

200 2103 294 2149 siue]
320 2103 381 2137 uel
407 2104 443 2137 Β
586 2104 823 2148 phaleucium
849 2104 884 2137 Β
927 2102 1176 2147 phalleutium
1200 2113 1249 2146 ΥΡ
1291 2101 1492 2135 saleucium
1517 2115 1538 2146 y

200 2150 412 2185 fallentium
436 2162 454 2185 c
598 2154 616 2184 7
646 2162 801 2185 uernum
826 2151 876 2196 A]
903 2162 968 2185 om.
992 2152 1136 2193 Paocp
1278 2151 1320 2182 10
1345 2148 1439 2192 uirg.
1463 2150 1498 2182 Γ

203 2201 245 2231 13
265 2197 464 2231 fecundum
483 2198 534 2243 A]
554 2197 711 2232 fundum
724 2199 800 2232 ΓΒ
808 2209 856 2242 cp
876 2197 982 2241 (bene
1002 2196 1189 2230 excultum
1202 2197 1238 2240 α)
1310 2195 1404 2240 uirg.
1417 2195 1491 2229 ΓΙ)

203 2249 245 2279 15
273 2245 412 2279 arundo
437 2246 473 2279 A
572 2248 612 2279 17
640 2245 763 2279 letitia
782 2246 817 2280 A
915 2248 956 2278 18
983 2243 1126 2277 letitiae
1152 2244 1188 2277 A
1283 2242 1404 2288 dator]
1432 2242 1539 2276 dator

200 2292 281 2326 uini
307 2306 358 2336 γα
391 2294 521 2336 (ortum
551 2303 595 2326 ex
626 2293 772 2327 lectione
799 2292 927 2326 ‘dator
952 2292 989 2325 et
1013 2291 1111 2324 bona
1135 2289 1245 2324 Iuno’
1268 2289 1365 2334 (vino
1391 2291 1432 2324 in
1456 2291 1487 2334 c)

203 2343 246 2373 20
273 2339 439 2374 cruciant
464 2340 499 2373 A
595 2349 702 2384 uerg:
730 2340 779 2385 A]
805 2339 905 2384 uirg:
932 2352 952 2383 y
973 2349 1037 2373 om.
1059 2350 1078 2373 r
