1664 2563
217 49 307 91 264
662 47 912 83 EXPOSITIO
937 48 990 82 IN
1014 47 1125 83 HOR.

220 161 385 200 auribus
410 161 538 211 Lydes
571 162 729 199 amicae.
788 159 892 198 Ordo
925 162 1058 198 autem
1088 160 1152 198 hic
1184 162 1259 198 est:
1290 160 1470 209 Mercuri,
1501 161 1566 199 dic

219 221 369 269 modos,
403 220 547 270 quibus
573 220 682 269 Lyde
715 219 933 258 obstinatas
966 232 1079 257 aures
1106 219 1277 269 adplicet
1303 214 1367 272 (ex
1387 215 1562 273 Porph.)3

224 277 337 331 [nam
368 282 406 318 te
437 281 628 330 magistro
655 279 792 317 docilis
818 279 1017 328 Amphion
1043 280 1172 317 mouit
1196 279 1346 328 lapides
1371 274 1561 329 canendo]

221 335 279 392 (A
287 341 326 376 Γ
327 341 379 377 αῖ)
391 340 427 379 V

175 407 197 437 5
345 394 388 437 2.
444 410 570 436 MOV1T
613 409 797 435 AMPHION
840 409 1011 434 LAPIDES
1057 393 1265 448 CANENDo]
1303 397 1454 439 *quta
1489 396 1562 434 hoc

224 457 331 507 quod
370 457 504 496 Cicero
543 457 697 495 Tullius
741 458 784 493 in
822 456 1026 494 rhetoricis
1065 456 1161 494 dicit
1198 451 1466 509 (conferuntur
1492 455 1565 493 loci

214 529 365 564 parum
395 517 538 554 similes
569 517 614 554 de
645 518 789 554 muent.
832 515 852 552 I
880 517 932 553 25
961 518 994 553 et
1019 518 1116 553 auct.
1143 516 1195 553 ad
1218 515 1390 553 Herenn.
1415 514 1472 552 ΠΙ
1501 510 1564 567 7)·.

220 576 383 613 Artium
432 577 641 626 magistros
694 575 845 612 adferre
893 574 1052 612 laudem
1102 576 1186 612 siue
1235 575 1564 624 uituperationem

219 635 447 684 discipulis,
490 647 646 672 rursum
691 634 902 683 discipulos
945 634 1157 683 magistris.
1218 633 1331 671 Vnde
1367 634 1427 672 hic
1462 633 1565 671 Mer-

153 702 200 734 10
227 695 359 732 curius
390 694 579 731 laudatur
610 694 651 730 in
676 693 897 742 Amphione
930 692 1132 741 discipulo,
1165 693 1275 730 cuius
1307 695 1402 731 nota
1429 692 1567 730 fabula

225 756 301 802 θεῖς
342 766 387 791 eo
426 753 531 802 quod
568 753 672 790 idem
710 752 909 801 Amphion
947 752 1120 789 citharae
1159 754 1276 789 cantu
1314 754 1354 789 et
1389 751 1567 801 pecudes,

225 825 395 862 quarum
439 815 574 862 pastor
618 816 719 860 erat,
764 812 813 848 ad
857 824 895 849 se
938 813 1121 849 arcessire
1160 812 1357 849 consuerit
1392 813 1430 848 et
1466 811 1567 859 lapi-

225 872 305 920 des,
337 871 478 920 quibus
510 872 612 908 muri
644 873 735 908 sunt]
767 871 934 908 extructi
960 870 1148 918 Thebani,
1179 872 1226 907 ut
1253 870 1400 908 Staffius
1427 864 1566 922 (Theb.

225 931 246 968 Ι
274 932 310 968 9.
341 925 431 983 10):

153 1021 200 1052 15
935 1011 1020 1055 Quo
1053 1012 1222 1049 carmine
1253 1012 1376 1049 muris

406 1071 569 1109 Iusserit
594 1071 793 1120 Amphion
820 1072 959 1120 Tyrios
987 1071 1166 1108 accedere
1190 1073 1342 1108 montes
1369 1065 1573 1123 (AsabV

348 1162 391 1205 3.
452 1178 663 1203 RESONARE
697 1161 871 1215 SEPTEM]
935 1165 990 1202 Vt
1022 1161 1156 1214 (Vcrgl.
1183 1163 1278 1202 Aen.
1305 1164 1362 1202 VI
1389 1151 1509 1218 646):

407 1248 645 1297 obloquitur
670 1249 842 1285 numeris
867 1250 1013 1297 septem
1034 1248 1261 1286 discrimina
1279 1260 1423 1286 uocum
1444 1242 1570 1300 (Asb

349 1339 393 1382 4.
422 1355 598 1380 CALLIDA
623 1339 786 1393 Nmszs]
818 1343 963 1391 Docta3
989 1343 1043 1380 sic
1069 1342 1173 1380 enim
1199 1342 1342 1380 dicitur
1362 1342 1407 1380 de
1428 1342 1572 1380 doctis:

157 1409 208 1442 '20
236 1400 339 1441 ‘rem
371 1398 535 1441 callent’
570 1397 694 1454 (ΑΓΙ)

351 1457 394 1500 5.
426 1473 504 1498 NEC
531 1473 694 1504 LOQVAX
722 1457 836 1511 oniM]
893 1460 997 1499 Laus
1023 1461 1234 1509 repertoris
1262 1460 1309 1497 ab
1335 1473 1461 1510 opere,
1493 1472 1573 1509 qua

231 1521 339 1559 dicat
374 1534 503 1570 neque
542 1521 747 1569 loquacem
784 1521 912 1568 lyram
950 1532 1075 1569 neque
1108 1521 1263 1570 gratam
1293 1520 1431 1567 fuisse,
1463 1520 1572 1556 ante-

232 1593 353 1629 quam
379 1580 546 1617 Mercuri
579 1579 757 1617 doctrina
789 1581 993 1628 aptaretur
1024 1579 1073 1615 ad
1105 1581 1275 1616 cantum.
1337 1578 1441 1615 Nam
1467 1579 1506 1615 et
1529 1579 1573 1614 in

234 1639 435 1677 sacrificiis
466 1639 640 1676 fidicines
674 1638 851 1675 adhiberi
882 1639 1165 1675 consueuerant
1196 1632 1401 1689 (AsabV

159 1706 206 1737 25
354 1694 395 1736 7.
452 1709 520 1734 DIC
565 1709 702 1734 MoDos
745 1693 887 1747 LIDAE]
944 1693 1193 1734 Ὑπακούεται
1238 1691 1461 1744 ‘Mercuri',
1510 1695 1573 1732 dic

232 1757 520 1795 modulationes
554 1751 656 1808 (AF

352 1873 369 1902 1
396 1869 494 1913 lydis
520 1870 583 1903 Ar
602 1880 691 1903 corr.
713 1882 764 1912 γα
796 1868 882 1901 lidis
911 1869 945 1902 V
972 1867 1078 1912 lydes
1103 1880 1122 1902 r
1136 1879 1194 1911 pr.
1216 1868 1235 1902 b
1255 1867 1389 1911 Porph.
1410 1867 1454 1910 cf.
1475 1877 1502 1900 c.
1522 1865 1575 1899 ΙΠ

234 1919 288 1959 10,
312 1920 354 1949 15
471 1916 587 1950 amice
613 1917 648 1950 A
757 1915 845 1949 ordo
865 1923 911 1953 ÷
930 1915 991 1948 hic
1017 1916 1073 1949 esb
1098 1929 1120 1948 α
1230 1915 1353 1948 autem
1378 1913 1439 1947 hic
1465 1913 1573 1958 Ayb]

233 1974 300 1998 om.
321 1964 428 2006 erp
533 1963 608 2008 hic]
636 1974 700 1997 om.
723 1963 855 2006 Porphf.
961 1962 1032 2008 est]
1059 1973 1124 1997 om.
1145 1973 1189 1996 rc
1332 1965 1351 1995 2
1378 1960 1465 2006 lyde
1489 1960 1526 1995 A

235 2009 340 2054 adpl:
367 2011 418 2055 A]
446 2010 609 2054 applicet
635 2015 709 2044 cett.
719 2024 732 2052 ,·
758 2011 848 2044 absc.
871 2010 890 2044 b
1037 2013 1056 2043 3
1082 2020 1170 2043 nam
1190 2030 1233 2033 —
1255 2008 1418 2042 canendo
1439 2018 1503 2042 om.
1525 2007 1573 2049 A,

234 2058 348 2091 exhassb.
370 2061 444 2091 cett
543 2060 562 2089 8
590 2057 670 2091 adf:
697 2058 776 2102 Ay]
804 2056 934 2091 afferre
959 2057 1005 2090 rb
1013 2055 1033 2098 f
1046 2057 1079 2091 V
1171 2059 1190 2089 9
1213 2067 1357 2089 rursum
1377 2054 1428 2100 A]
1448 2065 1573 2087 rursus

235 2106 296 2138 Γα
307 2105 396 2148 ch,
423 2105 514 2138 absc.
536 2105 555 2138 b
678 2108 720 2137 10
747 2105 850 2138 cuius
871 2125 914 2128 —
934 2102 1104 2148 thebani]
1130 2114 1173 2137 επ
1198 2103 1331 2146 Porph.
1454 2104 1494 2134 11
1523 2100 1574 2134 ci-

232 2151 340 2185 thare
370 2152 406 2185 A
551 2154 591 2184 12
625 2151 800 2185 arcessite
832 2151 914 2196 Aa]
947 2150 1125 2184 accersire
1159 2150 1246 2192 be
1255 2151 1333 2193 ch
1376 2147 1575 2182 accersisse

234 2199 369 2242 Porph.
469 2199 653 2232 consuerit
662 2199 727 2243 K]
743 2198 1054 2232 consueretAocV
1074 2207 1276 2240 consuerey
1309 2194 1541 2230 consueuerit
1553 2206 1573 2229 r

234 2245 384 2290 consue]
402 2246 421 2279 b
521 2249 562 2278 15
577 2256 699 2278 muros
714 2246 748 2279 A
847 2249 889 2278 16
903 2244 1007 2278 tirios
1022 2245 1057 2279 A
1155 2248 1197 2277 23
1212 2242 1368 2276 mercuri
1382 2242 1463 2287 Aa]
1478 2252 1574 2275 mer-

234 2293 329 2326 cusii
348 2296 422 2328 cett.
520 2292 746 2326 ’ὑπακούεται
755 2292 819 2337 Κ]
834 2293 991 2337 pacuete
1004 2293 1040 2325 A
1059 2292 1281 2335 ypaeuetate
1302 2290 1361 2323 dic
1375 2303 1395 2334 γ
1414 2288 1545 2335 ypassss
1554 2300 1574 2323 r
