1664 2563
629 68 774 104 CARM.
791 69 860 104 1111
881 73 924 104 14
1367 72 1451 114 371

216 176 294 220 31.
346 159 585 232 METENDO]
624 181 682 219 Vt
713 176 850 234 (Very.
875 181 973 221 Aen.
1000 183 1036 220 X
1064 177 1187 236 513):

309 263 495 302 Proxima
527 277 705 314 quaeque
737 266 854 303 metit
886 265 1018 316 gladio
1047 260 1216 318 (AVFb
1243 277 1288 304 ex
1311 267 1452 316 Porph.

215 354 292 398 32.
349 370 522 397 STRAVIT
571 371 736 407 nvaM,
787 371 876 397 SINE
928 371 1063 398 CLADE
1111 357 1282 412 VICTOR]
1358 360 1451 399 Sine

94 418 238 457 damno
270 430 429 456 suorum
460 418 635 456 militum
666 418 764 456 dicit
797 413 902 471 (AV
922 431 1021 457 cons.
1047 419 1188 468 Porph.

214 472 291 517 33.
324 490 376 515 TE
410 474 573 529 00P1As]
631 477 806 528 Augusti
838 479 1025 529 auspiciis
1058 480 1098 517 et
1129 479 1322 518 felicitate
1348 480 1449 518 Dru-

93 549 180 575 sum
211 537 309 575 dicit
339 537 472 575 hostes
503 537 651 575 fudisse
685 532 790 589 (AV
811 549 909 576 cons.
936 538 1078 586 Porph.

213 591 290 636 34.
332 608 418 634 NAM
450 608 534 634 '1'1131
566 608 647 639 Qvo
679 592 770 648 nm]
826 597 1026 635 Felicitati
1059 597 1246 648 adsignat
1276 597 1451 648 Augusti

91 656 213 695 Drusi
242 656 472 704 uictoriam,
505 655 810 694 demonstrando
842 658 935 694 ante
968 668 1090 695 annos
1122 656 1196 694 XV
1228 670 1272 696 eo
1305 657 1368 695 die
1401 658 1451 695 ab

89 715 271 767 Augusto
319 715 606 753 Alexandriam
656 717 835 765 captam,
885 728 962 765 quo
1015 717 1168 754 Drusus
1223 716 1451 755 Vindelicos

92 775 302 825 superauit
327 770 392 828 (ex
416 769 588 827 Porph.)
640 774 805 824 Pompei
831 776 935 813 enim
961 777 1130 814 mortem
1153 775 1319 814 Actiaco
1345 776 1449 814 bello

91 835 199 872 ultus
230 834 436 885 Augustus
469 836 529 872 est
564 828 669 886 (AV

213 888 290 932 36.
340 906 392 931 ET
424 889 612 944 VACVAM]
670 892 763 931 Sine
794 893 920 941 hoste,
952 894 1035 931 sine
1068 893 1226 933 domino
1261 888 1362 946 (AV

213 948 289 991 39.
323 947 401 992 40.
434 964 687 995 LAVDEMQVE
719 965 771 990 ET
804 964 997 991 OPTATVM
1022 964 1221 991 PERACTIS
1247 950 1448 1004 IMPERns]

90 1012 427 1050 Inmortalitatem
467 1025 512 1050 ex
551 1012 844 1051 consecratione
882 1012 1041 1050 uidetur
1078 1012 1318 1063 significare,
1362 1025 1452 1050 cum

90 1072 188 1110 dicit
241 1073 412 1122 peractis
468 1070 662 1121 imperiis3
718 1071 874 1110 diuinos
932 1072 1038 1109 enim
1086 1072 1253 1110 honores
1303 1072 1450 1110 meruit

89 1131 294 1183 Augustus
328 1125 433 1184 (AV
454 1142 499 1169 ex
522 1131 663 1179 Porph.

209 1185 288 1229 41.
328 1201 411 1229 NON
442 1202 550 1228 ANTE
581 1187 824 1241 DOMABILIS]
881 1190 972 1228 Non
1004 1192 1096 1228 ante
1130 1189 1337 1228 Caesarem
1368 1191 1449 1228 uic-

89 1251 153 1288 tus
205 1248 292 1288 AV

187 1244 288 1348 (42.
338 1320 550 1347 PROFVGVS
584 1305 772 1359 SCITHES]
830 1308 914 1346 Aut
945 1309 1019 1346 sub
1050 1308 1250 1358 Aquilone
1281 1309 1448 1347 interius

90 1368 342 1416 constitutus,
375 1370 445 1406 aut
477 1362 565 1420 (sec.
591 1362 750 1420 Porplz.)
785 1369 853 1417 qui
885 1381 1102 1417 numquam
1133 1369 1175 1405 in
1202 1368 1337 1407 eodem
1363 1368 1448 1407 loco

90 1429 339 1466 commaneat
371 1422 475 1480 (AV

209 1481 288 1526 43.
339 1498 364 1524 o
397 1482 577 1538 TVTELA]
632 1486 860 1537 Augustum
892 1486 989 1524 dicit
1022 1481 1126 1538 (AV

211 1540 289 1586 45.
332 1557 403 1589 QVI
435 1557 568 1584 CELAT
601 1542 811 1597 omemns]
863 1544 984 1596 Origo
1017 1547 1122 1583 enim
1147 1546 1232 1583 Nili
1263 1545 1449 1595 nescitur,

89 1607 136 1644 ut
169 1600 339 1658 (Lucan.
365 1605 385 1643 I
413 1600 506 1658 20):

268 1687 371 1727 Gens
404 1688 519 1738 siqua
549 1689 655 1726 iacet
685 1689 864 1727 nascenti
896 1690 1052 1727 conscia
1083 1688 1177 1726 Nilo
1210 1682 1316 1741 (AV

209 1852 229 1882 5
256 1850 295 1883 et
319 1848 503 1883 felicitate
529 1849 625 1893 quod
650 1849 691 1882 in
715 1849 812 1884 hunc
838 1849 859 1882 Z.
887 1852 1065 1893 tran-spos.
1082 1848 1130 1882 K.
1145 1848 1204 1883 hie
1217 1859 1283 1882 om.
1299 1848 1447 1893 Ach,·

87 1896 182 1931 idem
202 1900 287 1941 post
304 1895 430 1930 hostes
450 1900 599 1940 ponant
618 1897 655 1930 et
674 1895 897 1930 felicitatem
911 1895 1003 1939 (fael:
1019 1897 1062 1940 p)
1162 1898 1180 1928 7
1203 1895 1379 1940 adsignat
1394 1897 1446 1941 A]

87 1944 202 1978 om.V
221 1943 391 1988 assignat
415 1954 465 1987 cp
562 1946 583 1977 8
610 1942 1005 1977 demonstranstrando
1025 1942 1061 1977 A
1159 1953 1202 1977 eo
1223 1942 1284 1977 die
1304 1943 1446 1989 Ach]

88 1990 219 2025 eodem
246 1990 307 2025 die
332 1991 468 2035 Porph.
489 1993 523 2024 et
547 1990 629 2025 edit.
762 1993 782 2024 9
808 1989 1016 2025 uindelicos
1044 1991 1124 2035 ch
1143 1991 1296 2036 Porph]
1322 1990 1447 2024 uindi-

86 2037 239 2073 liciosA
315 2041 358 2072 10
371 2037 583 2082 pompeiiV
650 2037 1110 2082 acttiacocacciaeoAVp
1184 2041 1226 2072 11
1237 2037 1339 2072 ultus
1350 2038 1446 2083 ch]

86 2085 215 2120 uultus
241 2086 278 2120 A
376 2089 419 2119 12
446 2084 526 2119 sine
552 2084 715 2129 dampno
742 2085 822 2119 sine
847 2084 955 2119 hoste
982 2085 1024 2128 V,
1048 2086 1085 2120 A
1111 2089 1219 2128 recte,
1250 2085 1326 2120 nisi
1350 2086 1448 2130 quod

87 2132 214 2167 hostes
235 2143 306 2177 pro
331 2132 440 2167 hoste
566 2135 608 2166 13
635 2134 673 2167 et
699 2133 870 2177 optatum
894 2144 930 2178 p.
980 2131 1030 2166 Et
1055 2133 1188 2177 optatu
1212 2132 1335 2178 pactis
1362 2133 1399 2167 A

89 2182 133 2213 14
160 2191 245 2214 cum
271 2179 365 2215 dicit
389 2180 552 2225 peractis
578 2179 662 2225 Ap]
687 2179 849 2224 peractis
877 2179 977 2214 enim
1003 2181 1053 2216 Vc
1163 2183 1206 2214 15
1234 2179 1333 2214 enim
1360 2180 1395 2214 A
1401 2179 1445 2224 p]

86 2227 145 2262 hic
169 2238 236 2263 om.
248 2228 297 2264 Vc
397 2231 439 2261 17
467 2236 567 2261 caes:
591 2227 635 2272 p]
662 2237 738 2261 ces:
766 2228 861 2263 AVc
959 2230 1003 2261 20
1029 2226 1069 2261 in
1095 2227 1226 2262 eodem
1251 2226 1333 2262 loco
1350 2227 1445 2271 ch]

86 2272 172 2308 ideo
203 2275 241 2310 A
387 2278 430 2309 21
464 2274 661 2309 comaneat
692 2274 802 2320 AVc]
833 2276 985 2309 maneat
1009 2285 1037 2320 p
1073 2276 1202 2309 manet
1225 2273 1398 2320 Hauthal

89 2324 132 2355 22
161 2321 254 2356 dicit
277 2321 330 2368 A]
357 2333 422 2357 om.
435 2323 515 2366 ch

1163 2379 1231 2414 24*

1478 784 1521 816 10

1477 1079 1520 1112 15

1475 1376 1521 1407 20

1474 1695 1519 1727 25
