1664 2563
151 1037 195 1068 10

152 1357 194 1387 15

150 1698 195 1729 ‘20

226 63 310 104 142
669 62 919 98 EXPOSITIO
945 62 997 96 IN
1021 62 1133 98 HOR.

221 177 400 213 instituit
431 188 454 213 a
487 174 564 213 Cea
600 175 732 213 insula
768 175 950 212 oriundo:
993 174 1095 212 unde
1129 176 1167 213 et
1199 173 1298 213 Ceae
1329 176 1470 214 neniae
1500 188 1568 225 po-

223 236 303 273 suit
336 229 453 287 (cons.
478 229 651 287 Pmffla),
683 234 730 272 de
762 247 840 284 qua
871 234 1070 285 Vergilius
1103 228 1244 286 (yeory.
1270 234 1289 271 I
1318 229 1409 288 14):

437 316 510 355 Cui
540 318 707 367 pinguia
739 316 838 355 Ceae
871 311 1046 369 (APaV

341 407 417 451 40.
469 424 629 455 QVAERE
662 408 819 462 Mones]
877 410 1061 449 Carmina
1094 406 1196 464 (AF

761 683 914 721 CAR-M.
942 684 981 721 Π
1009 685 1031 721 2

340 791 507 817 METRVM
541 790 770 816 SAPPHICVM
802 790 1167 817 ENDECASILLABVM
1201 773 1303 831 (ΑΓ

344 844 385 888 l.
429 861 584 888 annvs
617 861 807 888 ARGENTO
842 861 974 887 conon
1006 861 1080 887 EST
1111 846 1276 901 AVAms]
1334 849 1567 889 Sallustium

222 908 403 959 Crispum
445 910 663 958 alloquitur
699 909 1079 959 historiographum,
1123 911 1297 958 equitem
1334 909 1567 958 Romanum,

222 969 394 1019 Augusti
425 969 607 1016 amicum,
641 968 866 1006 libertatem
898 963 985 1020 (leq.
1012 962 1311 1021 liberalitatem)
1345 971 1383 1006 et
1413 971 1566 1019 magni-

221 1028 419 1066 ficentiam
464 1028 586 1065 animi
631 1029 712 1065 eius
757 1027 987 1065 describens.
1056 1027 1275 1078 Argentum
1320 1030 1452 1066 autem
1494 1041 1566 1078 pro

220 1088 389 1136 pecunia
421 1087 556 1124 abdita
587 1087 629 1123 in
660 1087 857 1124 thesauris
890 1086 998 1124 dixit.
1063 1086 1206 1125 Sensus
1239 1089 1370 1125 autem
1401 1087 1464 1125 hic
1490 1090 1565 1125 est:

221 1146 452 1184 diuitiarum
485 1145 729 1194 splendorem
761 1146 914 1183 nullum
946 1157 1046 1194 esse,
1077 1147 1154 1184 nisi
1185 1146 1348 1184 honeste
1379 1147 1420 1183 in
1450 1159 1566 1185 usum

221 1206 369 1243 fuerint
401 1200 464 1256 (ex
488 1200 666 1258 Porph.)3
699 1206 830 1243 auaris
864 1207 995 1243 autem
1026 1205 1269 1243 recondendo
1301 1208 1450 1243 crescat
1481 1206 1566 1244 sola

221 1265 430 1314 cupiditas,
461 1266 507 1301 ut
538 1264 738 1302 quenalis
772 1259 859 1316 (14,
888 1258 1009 1316 139):

400 1346 548 1385 Crescit
577 1360 686 1385 amor
711 1348 873 1395 nummi,
906 1349 1097 1396 quantum
1123 1348 1210 1397 ipsa
1234 1349 1402 1397 pecunia
1427 1349 1562 1385 creuit.

220 1442 332 1480 Vnde
377 1444 416 1480 et
458 1443 627 1492 hydropi
668 1443 803 1480 morbo
848 1444 1093 1492 comparauit
1134 1442 1206 1480 hoc
1248 1443 1410 1490 uitium,
1461 1442 1564 1491 quod

220 1503 425 1539 nimietate
463 1503 549 1539 sitis
589 1504 628 1539 et
663 1504 780 1551 potus
813 1501 1004 1540 desiderio
1035 1504 1230 1540 crescente
1261 1498 1563 1552 <a>egritudine
1596 1492 1606 1502 ’

220 1562 385 1598 interius
419 1563 585 1611 augetur
617 1555 791 1613 (AFaV

338 1632 483 1670 Auaris
517 1626 612 1684 (V)]
671 1631 827 1669 Auarae
865 1632 968 1669 enim
1005 1633 1132 1668 terrae
1165 1631 1366 1678 dicuntur,
1403 1643 1491 1669 cum
1522 1630 1564 1668 id

220 1691 261 1727 in
294 1702 334 1728 se
364 1692 572 1740 recipiunt,
604 1691 707 1739 quod
738 1703 815 1728 non
849 1690 1038 1739 ampliato
1069 1689 1238 1727 reddunt
1268 1690 1401 1727 fenore
1434 1685 1490 1742 (F
1500 1690 1536 1728 V

341 1757 384 1800 2.
441 1773 596 1798 INIMICE
645 1757 829 1812 LAMNAE]
890 1760 1081 1798 Lamnam
1130 1773 1200 1810 pro
1243 1760 1482 1799 infabricata
1525 1762 1565 1798 et

219 1820 311 1857 rudi
348 1822 515 1858 materia
553 1822 706 1871 argenti
743 1821 893 1869 posuit,
937 1832 1038 1869 quae
1077 1820 1307 1858 obscuratur
1345 1820 1394 1857 ab
1432 1821 1563 1857 auaris

342 1983 357 2012 1
387 1979 541 2013 oriundo
567 1980 679 2025 Ayoc]
707 1979 883 2014 oriundus
909 1980 971 2014 rV
1072 1983 1091 2013 2
1117 1980 1210 2025 uerg
1235 1980 1284 2025 A]
1311 1979 1411 2024 uirg:
1438 1983 1513 2014 cett.

223 2029 241 2059 6
269 2025 397 2059 safficu
424 2028 459 2061 A
486 2027 681 2071 saphicum
706 2029 740 2061 Γ
845 2026 1161 2061 endecasillabum
1189 2027 1238 2072 Γ]
1266 2038 1331 2061 om.
1352 2027 1388 2061 A
1492 2026 1562 2070 (In-

222 2073 367 2117 cipiunt
393 2072 438 2107 de
463 2073 558 2107 libro
585 2074 744 2108 secundo
771 2073 925 2118 saphica
945 2074 994 2118 B)
1094 2077 1112 2107 7
1139 2073 1224 2107 sall:
1245 2073 1295 2118 A]
1323 2073 1394 2107 sal:
1416 2074 1522 2108 PocV

222 2124 242 2154 S
257 2120 563 2164 historiografum
576 2122 611 2155 A
710 2124 728 2154 9
744 2121 887 2165 libertz]
903 2120 1169 2154 liberalitatem
1177 2121 1309 2164 Por-ph.
1383 2118 1532 2164 magnif
1537 2120 1560 2166 z]

221 2167 518 2212 magnitudinem
562 2181 585 2201 α
732 2172 773 2202 12
817 2179 925 2201 usum
967 2168 1135 2212 Ayoccp]
1179 2179 1248 2201 usu
1291 2168 1354 2202 rV
1379 2167 1512 2211 Porph.

224 2218 266 2248 13
294 2214 426 2248 crescit
445 2228 497 2258 γα
595 2219 637 2248 15
652 2215 674 2248 i.
690 2227 724 2259 p.
742 2226 768 2249 0.
782 2216 816 2250 V
907 2215 1024 2248 creuit
1036 2216 1071 2248 A
1085 2214 1230 2259 quen]
1253 2213 1384 2248 crescit
1398 2215 1516 2258 Faep

225 2265 266 2296 16
293 2261 453 2306 hydropi
479 2261 517 2306 α]
543 2261 676 2305 ydropi
703 2264 737 2295 Γ
769 2261 892 2306 idropi
920 2263 978 2305 Vp
1015 2261 1192 2305 hydropis
1218 2262 1254 2295 A
1286 2260 1471 2305 hidropici
1497 2273 1515 2296 c

223 2312 266 2343 20
292 2309 417 2343 fenore
443 2309 479 2353 y]
506 2307 654 2343 foenore
678 2310 736 2343 rV
