1664 2563
166 737 208 767 10

164 1030 206 1061 15

162 1324 206 1354 20

237 87 324 129 330
681 86 932 122 EXPOSITIO
958 87 1011 121 IN
1036 86 1147 122 HOR.

355 195 532 250 FERTVR]
588 199 710 236 Velut
743 201 855 236 uates
887 199 1042 248 rapitur
1074 194 1215 251 (AFG
1223 199 1259 236 V

357 253 432 297 13.
466 269 541 296 sav
572 268 677 295 Dnos
709 270 744 294 R.
774 253 827 308 c.]
879 257 982 295 Deos
1009 258 1109 295 dixit
1134 259 1295 306 propter
1319 269 1466 306 peanas
1492 256 1583 294 Pin·

236 317 334 364 dari,
368 329 478 367 reges
509 319 671 366 propter
703 317 891 364 encomia,
923 318 1016 365 quia
1047 318 1152 354 inter
1184 316 1467 366 Olimpionicas
1499 317 1584 353 lau-

236 375 347 413 dauit
389 376 618 423 Hieronem,
667 388 800 425 regem
845 374 1013 413 Siciliae.
1075 375 1276 412 Laudauit
1320 376 1441 413 etiam
1483 375 1583 412 Her-

236 435 362 472 culem
389 436 471 472 siue
497 435 673 472 Ixionem
699 436 737 471 et
763 434 997 482 Pirithoum,
1025 436 1095 483 qui
1121 435 1346 472 occiderunt
1366 433 1581 472 Centauros

236 495 275 531 et
306 493 582 542 Proserpinam
618 506 755 542 rapere
794 494 925 530 conati
956 495 1057 530 sunt.
1119 493 1467 542 Bellorophontem
1498 492 1583 531 lau-

237 552 374 589 datum
413 554 692 590 commemorat
723 553 765 589 111
797 551 988 590 Chimera.
1053 551 1208 590 Castori
1239 564 1397 601 quoque
1424 554 1463 589 et
1493 551 1582 589 Pol-

235 611 315 648 luci
352 611 487 648 laudes
525 611 668 659 dictas,
712 612 780 659 qui
818 612 858 647 in
898 611 1026 659 Elide,
1071 611 1184 659 Epiri
1223 612 1402 658 ciuitate,
1440 612 1582 660 agonio

235 669 430 719 Olimpiae
463 670 586 717 edito,
618 670 804 720 pugilatu
836 672 874 707 et
906 683 1096 718 equorum
1127 681 1241 707 cursu
1272 669 1505 718 floruerunt⁷
1538 671 1583 706 ut

236 723 371 780 (Vcry.
394 740 518 777 yemy.
545 729 607 766 III
635 730 729 767 202.
759 724 884 781 203):

446 787 521 825 Hic
554 789 593 825 et
624 788 674 824 ad
704 788 791 825 Elei
822 790 945 825 metas
980 790 1018 825 et
1048 788 1220 824 maxima
1252 788 1380 836 campi

448 846 616 884 Sudabit
647 847 787 895 spatia.

234 904 279 941 In
331 905 464 943 eodem
513 918 636 955 agone
680 907 819 954 poetae
863 907 982 942 etiam
1026 906 1188 943 heroum
1231 904 1365 942 laudes
1410 904 1581 942 dicentes

235 964 524 1001 coronabantur
556 966 594 1001 et
627 966 785 1013 accepto
818 965 991 1001 themate
1024 964 1228 1001 certabant
1262 958 1438 1015 (AsocV

356 1017 430 1061 18.
475 1035 613 1059 PALMA
646 1019 885 1073 OAELESTIS]
944 1022 1159 1060 Caelestem
1190 1022 1290 1059 dixit
1321 1024 1483 1071 propter
1513 1021 1580 1059 ho-

232 1094 367 1119 norem
398 1083 614 1129 numinum⁷
647 1082 787 1130 quibus
820 1094 922 1131 agon
954 1081 1182 1130 inpenditur
1215 1076 1399 1133 (AFGV

355 1135 429 1178 19.
465 1135 540 1177 20.
598 1153 649 1177 ET
695 1152 857 1178 CENTVM
901 1152 1077 1177 POTIORE
1117 1151 1246 1177 SIGNIS
1285 1152 1325 1176 M.
1352 1135 1410 1189 D.]
1471 1139 1581 1176 Dicit

232 1200 358 1248 magis
390 1199 583 1236 illustrari
615 1200 778 1247 honore,
811 1212 927 1248 quem
959 1198 1151 1236 Pindarus
1184 1199 1355 1236 carmine
1386 1210 1455 1235 suo
1488 1211 1581 1248 ago-

232 1258 373 1295 nistico
407 1258 584 1305 celebret,
617 1271 736 1307 quam
768 1259 801 1295 si
833 1260 989 1295 centum
1021 1258 1162 1295 statuis
1194 1258 1409 1295 honoretur
1435 1251 1538 1309 (AF
1548 1256 1585 1294 V

232 1317 316 1353 sim.
338 1332 362 1353 α
388 1329 431 1354 ex
456 1317 596 1364 Porplz.

353 1370 430 1413 21.
465 1370 541 1414 22.
574 1387 807 1414 IVVENEMVE
840 1387 1003 1413 RAPTVM
1035 1370 1213 1425 PLORAT]
1267 1375 1400 1412 Etiam
1430 1375 1472 1411 in
1499 1375 1580 1422 epi-

233 1433 380 1482 taphiis
419 1433 634 1472 Pindarum
676 1434 873 1484 significat
916 1446 1119 1484 magnum,
1165 1445 1252 1470 cum
1293 1435 1362 1470 aut
1398 1434 1578 1470 iuuenem

233 1493 376 1530 fortem
414 1495 483 1530 aut
520 1493 693 1541 puellam
729 1495 925 1531 moratam
960 1494 1080 1530 fuisse
1119 1492 1304 1530 describit
1342 1493 1381 1529 et
1412 1491 1581 1529 alicuius

354 1640 497 1674 imatis
522 1641 610 1684 er
633 1628 721 1674 uatis
741 1641 777 1674 A
802 1641 908 1674 uates
935 1641 1017 1684 yCc
1114 1644 1133 1673 2
1160 1639 1336 1684 pithanas
1357 1652 1381 1672 α
1478 1641 1497 1672 3
1522 1649 1578 1673 re-

233 1697 296 1731 ges
324 1687 433 1733 Γασ]
459 1687 557 1732 regis
584 1688 708 1731 Ach
816 1687 1022 1721 encomiam
1048 1687 1153 1730 As'p
1179 1686 1373 1720 enconiam
1400 1686 1448 1720 Vc
1473 1696 1578 1719 ence-

232 1734 346 1767 miam
367 1747 390 1767 α
486 1738 507 1767 4
533 1734 723 1768 hieronem
747 1744 873 1779 regem
893 1734 944 1779 A]
967 1734 1157 1768 herionem
1182 1743 1308 1778 regem
1334 1733 1369 1768 V
1389 1732 1579 1777 gerionem

232 1791 358 1825 regem
380 1783 434 1815 Fe
458 1781 649 1826 regionem
675 1795 698 1814 oc
796 1785 815 1814 5
843 1781 1010 1815 exionem
1031 1781 1098 1815 Αα
1194 1780 1320 1824 pirith.
1343 1780 1455 1825 Ayoc]
1481 1779 1578 1823 peri-

232 1827 362 1861 thoum
387 1829 450 1863 rV
583 1831 602 1861 6
629 1827 950 1872 bellorophontem
974 1828 1130 1873 rochp]
1156 1826 1441 1861 bellorofontem
1466 1827 1530 1870 Ay

235 1878 252 1907 7
280 1874 415 1918 polluti
441 1876 477 1909 A
586 1878 606 1908 8
632 1875 761 1909 laudes
789 1875 908 1909 dictas
935 1875 1046 1921 Ayoc]
1074 1874 1203 1908 laudes
1230 1874 1326 1908 dixit
1352 1874 1431 1918 ch
1457 1873 1577 1907 dictas

232 1921 362 1955 laudes
376 1933 395 1956 r
471 1922 605 1966 agonio
621 1923 656 1967 y]
671 1932 813 1966 agoneo
823 1922 858 1956 A
872 1933 1014 1967 aganeo
1029 1935 1053 1955 α
1067 1932 1186 1966 agone
1199 1922 1339 1965 7·oech
1436 1923 1456 1953 9
1471 1919 1577 1954 olim-

233 1968 319 2012 piae
333 1969 384 2013 Γ]
412 1968 564 2012 olimpie
578 1970 646 2003 Aa
672 1969 871 2013 olimpiaco
893 1969 1154 2013 Vpr.utuid.p
1174 1968 1349 2012 olimpico
1371 1968 1530 2002 Vcorr.c

234 2014 335 2049 edito
356 2016 450 2060 ΑΓ]
478 2016 559 2050 1000
586 2030 610 2050 α
629 2027 696 2051 om.
709 2017 787 2060 ch
883 2016 1057 2061 pugilatu
1077 2015 1156 2061 Ay]
1182 2014 1372 2060 pugillatu
1390 2014 1529 2057 7⁴oech

237 2066 276 2095 11
304 2061 366 2095 hic
391 2074 409 2096 c
431 2063 547 2107 Vergy]
573 2062 660 2097 hinc
680 2067 754 2097 cett.
855 2065 892 2097 et
911 2075 929 2098 c
951 2063 1067 2108 Vera]
1082 2073 1147 2097 om.
1158 2066 1234 2097 cett.
1332 2061 1500 2095 elimetas
1515 2062 1576 2104 Pp

233 2108 348 2142 helim
373 2110 451 2142 etas
478 2110 514 2143 A
539 2109 736 2155 helimetas
755 2111 799 2144 >V
819 2110 989 2144 alimetas
1016 2123 1039 2143 α
1065 2109 1163 2143 116161
1187 2110 1306 2143 metas
1332 2119 1351 2142 e
1447 2111 1489 2140 12
1517 2118 1576 2140 su-

234 2155 341 2189 dabit
367 2166 415 2199 01)
443 2156 558 2201 γεω]
586 2157 737 2190 sudauit
763 2162 836 2192 cett.
984 2160 1026 2190 13
1054 2156 1198 2201 eodem]
1226 2166 1268 2189 eo
1295 2167 1319 2188 οι
1462 2153 1576 2187 etiam

234 2202 386 2247 AFap]
413 2203 539 2237 0m.Vc
642 2207 684 2237 18
710 2204 889 2238 illustrati
914 2204 950 2238 A
1053 2206 1095 2237 21
1123 2201 1325 2247 epitaphiis
1349 2201 1470 2245 erp]
1498 2201 1577 2245 epi-

233 2273 331 2306 tafiis
351 2274 415 2317 Ay
442 2272 654 2317 epytaphiis
683 2287 707 2307 α
809 2278 852 2307 23
879 2275 1061 2308 moratam
1081 2273 1146 2318 K]
1172 2258 1317 2306 morati}
1337 2271 1371 2304 A
1391 2272 1577 2304 mortuam

233 2322 296 2354 Γα
308 2321 385 2364 ch
412 2320 535 2365 Pauly
560 2321 741 2354 maestam
768 2321 937 2355 Hauthal
