1664 2563
725 73 869 108 CARM.
889 73 906 107 I
928 77 945 107 1
1463 71 1516 112 19

339 187 521 226 Pastores
553 186 698 224 hedera
730 187 967 224 crescentem
999 186 1136 222 ornate
1166 186 1338 235 poetam.

158 249 351 286 Diuinum
383 259 475 297 ergo
507 247 697 283 honorem
729 258 768 283 se
801 245 898 282 dicit
928 258 998 293 per
1029 257 1171 293 poema
1197 244 1395 292 adeptum.
1446 243 1518 281 Ait

159 320 252 358 ergo
297 307 396 344 alios
434 307 662 354 uenatione,
708 317 746 342 se
791 304 942 342 musica
986 304 1175 341 delectari
1214 298 1359 356 (Ar'vc
1379 314 1477 340 cons.
1487 315 1518 350 Ρ

281 361 356 404 30.
391 377 576 403 GELIDVM
607 360 762 415 NEMvs]
818 364 1029 401 Materiam
1066 365 1195 412 ipsam
1228 363 1413 400 carminis
1445 375 1517 411 pro

158 426 276 464 laude
306 426 441 474 posuit
473 419 578 477 (AF
599 419 721 477 (ναν)
738 436 789 471 εΡ

280 479 357 523 31.
385 495 727 526 NYMPHARVMQVE
753 494 881 520 LEVEs
911 494 993 520 CVM
1021 493 1189 519 sA'ers
1213 477 1357 532 onom]
1383 480 1518 518 Liberi

157 545 284 593 patris
324 545 482 592 chorus3
523 543 658 592 Satyri
697 544 801 580 enim
833 543 872 580 et
903 541 1082 579 Bacchae
1114 541 1202 578 ideo
1235 541 1341 578 leues
1375 536 1518 591 [sunt],

160 605 254 653 quia
297 616 337 642 se
381 605 424 640 in
465 603 648 641 saltando
688 604 727 640 et
765 601 936 639 ludendo
975 601 1165 639 uelociter
1201 602 1337 638 rotant
1376 595 1519 652 (Arva

158 675 258 701 cons.
268 676 298 710 Ρ

279 717 356 760 32.
398 733 636 759 SECERNVNT
673 716 853 771 POPVLO]
905 720 1013 757 Idest
1052 719 1149 756 dant
1185 719 1284 756 mihi
1320 720 1518 766 meritum,

159 783 204 819 ut
237 795 260 819 a
291 782 412 831 uulgo
446 782 485 819 et
516 781 664 818 uilibus
697 792 855 828 separer
888 773 1141 832 (AF'rov)
1158 790 1322 826 conseq)

278 840 442 878 ssTibias
476 834 584 892 (οΡ)]
642 839 750 877 Idest
786 839 822 876 si
859 839 1045 887 poemata
1082 851 1171 875 mea
1202 850 1281 875 non
1312 838 1519 875 morantur

159 900 296 938 Musae
328 912 398 937 nec
429 899 653 948 impediunt
686 893 757 951 (rv
778 909 944 944 conacp

280 955 496 1008 ‘Euterpe'
529 959 684 996 inuenit
714 957 847 1005 tibias⁷
879 957 920 994 in
953 956 1095 1005 quibus
1128 969 1205 994 uox
1238 957 1298 993 est
1330 958 1368 994 et
1400 968 1518 995 sonus

178 1017 304 1056 Arvc
323 1030 421 1056 cons
429 1030 460 1065 Ρ

159 1013 175 1072 <
280 1073 537 1128 *Polymnia]
601 1076 691 1114 Vna
736 1089 781 1114 ex
819 1077 1022 1114 Musarum
1066 1088 1229 1112 numero
1269 1069 1306 1128 (c
1306 1087 1337 1122 Ρ
1359 1086 1458 1113 cons.
1469 1087 1488 1111 7
1496 1090 1518 1113 v

279 1132 355 1176 33.
388 1132 676 1187 POLYHYMNIA]
721 1135 777 1173 Vt
808 1135 1008 1186 Vergilius
1042 1129 1158 1188 (Aen.
1173 1134 1274 1172 VIII
1297 1129 1390 1186 27>ε

446 1196 629 1233 Alituum
660 1195 933 1244 pecudumque
966 1209 1001 1245 g.
1029 1207 1057 1232 s.
1086 1208 1118 1233 a.
1145 1195 1182 1232 h.

158 1258 215 1294 sic
247 1258 323 1294 iste
355 1255 621 1305 Polyhymnia
654 1250 771 1307 (Aru
792 1266 957 1301 eonscp

279 1310 355 1353 34.
400 1315 597 1353 Lesboum
641 1309 751 1366 (ίΡ)]
795 1313 991 1352 Lesboum
1034 1316 1199 1362 propter
1241 1313 1434 1351 Alcaeum
1479 1315 1518 1350 et

159 1374 338 1424 Sappho,
371 1387 468 1423 quos
500 1368 544 1411 in
574 1374 700 1411 Lesbo
732 1374 862 1411 insula
895 1375 1010 1410 natos
1044 1385 1125 1410 esse
1159 1374 1332 1419 constat,
1366 1375 1436 1410 aut
1468 1372 1517 1410 ab

158 1447 202 1472 eo
223 1433 378 1481 Lesbio⁷
412 1435 479 1482 qui
505 1435 657 1483 primus
686 1434 765 1470 fuit
785 1434 933 1482 lyricus
955 1433 1136 1482 scriptor⁷
1169 1434 1238 1470 aut
1259 1445 1281 1469 a
1302 1432 1517 1470 Periandro

156 1507 248 1543 rege
292 1493 428 1542 Lesbi,
474 1495 537 1530 cui
580 1495 753 1542 primum
790 1493 1008 1530 Mercurius
1053 1492 1183 1540 lyram
1227 1492 1402 1529 ostendit
1446 1486 1517 1544 (νυ

157 1564 258 1591 cons.
279 1565 328 1600 cp

277 1670 295 1700 1
323 1667 492 1711 pastores
518 1667 686 1710 pastores
713 1666 749 1699 A
847 1664 958 1699 edera
984 1665 1020 1699 A
1143 1668 1162 1697 2
1191 1664 1245 1697 ait
1261 1685 1304 1688 —
1320 1663 1516 1709 delectari]

156 1718 240 1749 ante
266 1714 394 1748 lemma
422 1715 500 1747 ‘me
522 1734 565 1738 —
586 1713 786 1747 frontium'
809 1724 897 1756 Ροη.
919 1713 955 1747 A
1077 1715 1098 1745 4
1126 1711 1301 1745 carminis
1316 1732 1360 1736 —
1374 1711 1514 1757 posuit]

155 1772 221 1796 om.
245 1774 268 1795 oc
415 1765 434 1795 6
461 1773 484 1794 11
508 1761 665 1805 pharfiq.
682 1762 717 1795 A
816 1760 951 1804 satyris
973 1760 1016 1805 Ρ]
1045 1759 1181 1793 saturis
1207 1759 1242 1793 A
1270 1759 1394 1793 satiris
1420 1770 1469 1793 rv

155 1808 266 1843 liberi
287 1830 330 1834 —
351 1808 532 1854 ludendo]
559 1820 626 1843 om.
648 1822 669 1843 ν
695 1807 805 1842 liberi
826 1829 871 1832 —
893 1807 1041 1852 chorus]
1069 1808 1169 1841 omis.
1192 1818 1209 1841 c
1212 1818 1241 1850 Ρ
1359 1810 1376 1840 7
1400 1806 1517 1850 satyri

150 1857 193 1902 Ρ]
217 1856 335 1891 saturi
355 1857 388 1890 A
417 1856 524 1890 satiri
544 1868 618 1891 rvc
702 1855 817 1889 bacce
838 1856 873 1889 A
898 1854 1042 1888 bachae
1062 1866 1081 1888 2·
1084 1866 1113 1898 Ρ
1132 1854 1251 1888 bache
1271 1866 1289 1888 c
1369 1856 1455 1888 sunt
1469 1866 1516 1889 ‹rv

156 1915 222 1939 om.
245 1905 307 1938 Ac
333 1904 509 1938 dicuntur
529 1915 558 1948 Ρ
674 1907 694 1937 8
723 1902 963 1937 saltantando
984 1903 1019 1936 A
1120 1905 1162 1935 10
1183 1901 1297 1947 idest]
1325 1903 1518 1936 euconfue‘sse

155 1953 303 1986 uidetur
329 1952 369 1986 in
395 1952 430 1985 A
555 1955 596 1985 11
625 1962 647 1985 a
672 1950 812 1984 uilibus
840 1962 889 1984 ccc
1013 1952 1055 1983 14
1081 1950 1146 1983 hoc
1170 1950 1276 1984 schol.
1299 1954 1383 1993 post
1408 1950 1515 1984 schol.

150 2010 189 2044 Ρ.
199 2002 255 2042 20,
271 2002 292 2032 4
312 2000 479 2033 mserum
494 2000 557 2034 Ar
565 2012 586 2032 ν
648 1998 816 2042 Euturpe
837 1999 994 2041 eutuipe
1014 2009 1032 2032 c
1058 1998 1211 2041 euterpe
1231 2009 1305 2031 non
1320 2009 1338 2031 ν
1364 1998 1517 2041 euterpe

158 2059 192 2081 .n
218 2027 255 2081 A
289 2047 456 2091 <euterpe
484 2046 584 2080 enim
608 2046 812 2090 fort.A1)
840 2059 860 2079 v
887 2045 1041 2079 eucmuzt
1187 2048 1229 2078 16
1262 2044 1456 2089 polymnia
1481 2044 1516 2090 r]

155 2094 338 2138 polimnia
364 2107 385 2128 ‘1
394 2106 443 2147 σΡ
540 2105 584 2128 ex
609 2105 708 2127 mus:
748 2093 917 2138 numero]
945 2103 999 2126 ΒΧ.
1020 2091 1081 2127 ΙΧ.
1108 2092 1224 2126 musis
1246 2106 1265 2126 v
1364 2094 1517 2136 euterpe

154 2152 229 2175 una
256 2153 300 2176 ex
325 2142 453 2185 musis,
480 2143 517 2176 et
542 2141 775 2186 polymniar
922 2143 963 2173 17
990 2139 1173 2184 polimnia
1200 2140 1266 2174 Av
1363 2140 1420 2185 ut]
1448 2150 1515 2174 om.

156 2201 234 2233 vcp
300 2189 401 2234 uirg:
429 2190 529 2224 codd.
631 2192 673 2222 19
700 2188 884 2233 polimnia
910 2188 975 2221 Av
1001 2187 1266 2231 polyimimnia
1291 2199 1311 2222 o
1330 2198 1396 2221 om.
1418 2198 1468 2231 εΡ

157 2240 201 2270 20
228 2236 374 2271 alceum
399 2248 498 2281 rep,
518 2241 607 2271 recte
628 2250 649 2270 v
796 2240 838 2270 21
868 2235 1011 2279 sappho
1032 2235 1071 2281 Ρ]
1100 2234 1191 2269 saffo
1219 2246 1238 2269 r
1276 2234 1393 2279 sapho
1421 2246 1469 2269 vc

155 2283 195 2317 in
225 2283 328 2318 lesbo
361 2284 419 2318 ins
430 2284 452 2330 2]
487 2284 588 2328 apud
620 2283 765 2318 lesbum
785 2295 865 2327 *rep
1012 2287 1055 2316 22
1082 2282 1222 2326 lyricus
1235 2283 1326 2328 rep]
1354 2282 1418 2316 lir:
1447 2296 1467 2316 ν

158 2334 202 2364 23
228 2331 340 2377 lesbi]
367 2343 432 2366 om.
455 2343 503 2376 οΡ
1397 2347 1401 2350 -

1254 2389 1299 2411 0*

1256 2413 1272 2422 u

1546 725 1589 755 10

1547 1022 1588 1053 15

1544 1320 1589 1350 ‘20
