1664 2563
192 101 246 142 41
254 101 278 142 8
637 99 887 135 EXPOSITIO
913 99 965 133 IN
990 99 1101 134 HOR.

314 207 358 251 3.
409 208 601 262 EXPETIT]
659 211 842 260 Adpetit‚
874 212 1123 261 persequitur
1156 206 1260 263 (AV

313 266 359 310 4.
409 267 561 322 VRERE]
619 270 869 308 Inflammare
903 265 1006 322 (AV

313 326 357 369 6.
410 326 596 380 INACHLA]
654 330 857 367 Inachiam
888 330 1044 367 nomine
1070 328 1276 367 mulierem
1301 328 1398 367 dicit
1423 323 1481 382 (A

310 389 473 427 Inachia
506 384 569 441 (V
566 384 636 441 p)]
692 388 738 425 In
770 389 842 426 illa
872 389 1035 426 muliere
1069 382 1158 440 (Vp
1183 400 1253 426 om.
1273 399 1292 426 c

146 457 165 487 5
314 460 439 486 sums
472 459 668 485 HONOREM
700 444 897 498 DEchrr]
952 447 1133 485 Hiemem
1163 460 1233 497 per
1264 459 1397 485 casum
1427 446 1541 485 folio-

192 521 282 545 rum
315 507 523 557 significat,
555 509 601 544 ut
635 502 770 559 (Very.
794 518 918 554 geom.
946 506 986 543 Π
1013 501 1136 558 404);

371 589 490 627 Sfluis
529 589 676 638 Aquilo
715 589 885 627 decussit
923 589 1110 626 honorem
1149 583 1252 640 (AV
1273 600 1373 626 cons.
1399 588 1538 636 Porph.

309 668 614 722 ²³⁴<Honorem>]
671 671 784 710 Folia
816 671 1028 709 secundum
1058 670 1260 708 Maronem
1293 665 1350 723 (Γ

313 727 353 770 7.
389 727 432 770 S.
488 742 573 769 ΝΛΜ
611 743 745 769 PVDET
784 742 906 767 TANTI
942 742 1043 767 MALI
1080 726 1257 780 FABVLA]
1320 730 1410 768 Non
1448 741 1537 768 con-

122 798 164 828 10
191 790 389 828 uiuiorum
432 791 600 840 penitet,
652 790 719 827 sed
763 789 867 838 quod
911 790 1047 827 fabula
1090 789 1211 827 fuerit
1256 788 1540 837 conuiuiorum,

191 849 313 898 quod,
350 851 396 886 ut
432 849 550 887 finem
588 849 732 887 amoris
771 848 1010 896 ostenderet,
1049 848 1119 886 sub
1151 848 1381 897 penitudine
1412 860 1538 886 recor-

190 909 307 946 datur
339 903 442 960 (AV

308 963 563 1005 *‘Paenitet'
596 967 646 1004 ad
678 966 839 1014 factum,
872 962 1035 1016 ‘pudet'
1069 965 1118 1003 ad
1150 965 1425 1003 uerecundiam
1452 978 1539 1015 per-

189 1027 289 1064 tinet
321 1021 379 1078 (Γ

120 1094 162 1123 15
309 1080 353 1123 9.
405 1096 445 1121 IN
478 1080 588 1135 QVIS]
644 1084 691 1121 In
724 1083 864 1132 quibus
899 1078 1001 1135 (AV

231 1137 247 1153 ‘
307 1156 505 1180 AMANTEM
532 1139 742 1193 LANGVOR]
789 1142 944 1191 Stupor,
972 1143 1054 1179 siue
1082 1143 1203 1179 animi
1228 1145 1364 1191 torpor
1389 1145 1428 1180 et
1453 1154 1540 1179 cru-

191 1204 328 1250 ciatus,
360 1204 428 1251 qui
460 1203 560 1240 solet
593 1201 834 1239 amatoribus
867 1202 1022 1239 euenire
1055 1196 1159 1253 (AV

312 1256 386 1299 10.
419 1273 578 1298 LATERE
610 1271 780 1298 PETITvs
812 1272 884 1297 mo
913 1256 1110 1310 SPIRITVS]
1168 1259 1269 1304 Quia
1295 1261 1334 1297 et
1359 1259 1541 1309 suspiriis
1590 1262 1591 1265 ’

190 1320 426 1369 aliquotiens
460 1333 570 1358 amor
601 1320 794 1369 proditur,
825 1322 870 1356 ut
896 1315 1032 1371 (Verfs.
1058 1318 1156 1356 Aen.
1182 1318 1202 1356 I
1230 1320 1325 1357 370.
1355 1313 1476 1370 371):

120 1398 137 1428 2
1324 1389 1397 1427 Ele

143 1398 164 1429 Ο
372 1449 580 1498 Suspirans
612 1450 769 1497 imoque
801 1449 959 1487 trahens
993 1461 1016 1486 a
1046 1451 1203 1497 pectore
1235 1460 1370 1486 uocem
1402 1442 1505 1500 (AV

311 1526 387 1570 11.
431 1543 644 1569 CONTRANE
675 1542 839 1569 LVCRVM
871 1543 906 1568 N.
933 1543 968 1569 v.
998 1527 1052 1581 c.]
1107 1530 1215 1568 Idest
1246 1532 1383 1568 contra
1412 1542 1538 1568 mere-

188 1592 345 1628 triciam
384 1591 659 1639 cupiditatem,
698 1602 796 1638 quae
835 1591 988 1627 lucrum
1026 1591 1187 1638 captans
1224 1589 1393 1627 riualem
1423 1600 1534 1638 prae-

189 1649 339 1687 ferebat
387 1649 573 1697 Horatio,
624 1650 801 1698 queritur
850 1649 1051 1698 ingenium
1100 1650 1238 1697 poetae
1289 1648 1430 1697 optimi
1477 1648 1536 1684 nil

118 1715 162 1745 ‘25
190 1709 320 1746 ualere
354 1702 457 1760 (AV

310 1761 385 1805 12.
437 1762 537 1817 TIBI]
594 1765 625 1804 O
659 1766 763 1803 Petti
796 1760 899 1818 (AV
921 1777 990 1802 om.
1013 1776 1061 1812 cp

309 1821 384 1864 13.
438 1821 653 1875 CALENTIS]
709 1825 891 1862 Amantis
925 1819 1029 1876 (AV
1049 1835 1118 1860 om.
1141 1834 1190 1870 cp

306 1881 669 1934 <1N>VERECVNDVS
701 1879 823 1933 Dnvs]
881 1883 1067 1920 Dionisus
1101 1877 1205 1934 (AV

308 2011 324 2040 1
354 2007 499 2051 appetit
527 2008 560 2041 V
698 2006 934 2050 persequitur
958 2006 1010 2051 A]
1035 2005 1272 2050 prosequitur
1300 2006 1359 2049 Vp
1384 2004 1533 2048 exequi-

186 2055 247 2087 tur
273 2064 290 2087 c
405 2058 425 2087 5
452 2057 538 2088 casu
565 2054 616 2098 A]
644 2064 748 2087 casus
778 2055 856 2097 ch
972 2056 1014 2086 10
1041 2052 1198 2097 (penitet
1222 2052 1359 2096 AVep)
1450 2055 1534 2094 post

187 2100 300 2134 fuerit
326 2110 460 2134 *nouum
485 2101 645 2135 scholion
665 2101 847 2144 incipiunt
865 2100 960 2142 edit„
985 2110 1060 2134 non
1078 2100 1158 2134 AV
1251 2102 1291 2132 11
1312 2097 1532 2142 penitudine

188 2147 294 2192 Acp]
321 2147 564 2190 poenitudine
592 2148 626 2182 V
807 2150 849 2180 13
875 2147 1044 2191 poenitet
1069 2160 1089 2190 y
1123 2145 1269 2191 penitet
1292 2157 1331 2187 r;
1357 2145 1430 2179 alio
1456 2145 1530 2180 loco

188 2197 332 2237 uterque
376 2194 449 2227 cod.
495 2195 632 2229 exhibet
677 2194 884 2237 ‘poenitet’
1034 2196 1076 2227 16
1116 2195 1152 2226 et
1189 2193 1241 2237 A]
1279 2191 1358 2225 siue
1390 2191 1445 2226 Vc
1454 2201 1483 2235 p

189 2244 232 2274 24
259 2240 376 2274 oratio
403 2240 439 2274 A
579 2241 745 2286 queritur
770 2241 805 2274 A
938 2241 1047 2283 poete
1073 2240 1109 2274 A
1134 2239 1213 2283 peti
1241 2239 1275 2272 V
1293 2237 1405 2282 pectij
1433 2249 1483 2282 cp

188 2287 320 2330 optimi
347 2288 382 2321 A
393 2287 455 2332 Vc]
483 2298 546 2321 om.
567 2298 593 2331 p
720 2291 763 2321 ‘26
791 2287 870 2332 opti
896 2288 975 2321 AV
1097 2289 1140 2320 28
1166 2284 1436 2319 inuerecundus
1463 2285 1531 2329 cp]

185 2334 417 2368 uerecundus
444 2334 522 2368 AV
615 2334 780 2367 dionisus
806 2334 858 2378 A]
886 2333 1066 2368 dionisius
1097 2334 1145 2368 Vc
1171 2331 1361 2375 dyonisius
1382 2342 1411 2375 Ρ
