1664 2563
183 72 272 114 440
513 71 674 107 scHOL.
695 84 747 118 ep
771 46 824 107 m
848 72 959 107 ΗΘΒ.
1005 72 1142 108 EPOD.
1165 77 1208 108 16

304 592 378 636 37.
411 597 543 636 Mollis
571 600 610 636 et
635 610 770 648 expers
799 593 866 650 (cp
877 594 952 650 V)]
1008 599 1116 637 Idest
1141 600 1368 648 quietiores,
1400 580 1440 637 et
1465 600 1533 648 qui

183 668 315 694 amore
366 657 440 694 soli
490 657 675 707 genitalis
719 658 821 695 nolit
864 659 1007 696 sectari
1049 658 1230 707 meliora,
1279 658 1451 697 resideat
1492 659 1536 696 in

181 715 396 754 Penatibus
429 718 598 766 propriis
632 711 746 769 (ch

303 1240 380 1284 39.
436 1245 516 1283 Vos
550 1245 693 1294 quibus
727 1248 785 1283 est
815 1247 943 1284 uirtus
977 1241 1065 1299 (22ss
1129 1246 1279 1291 Quibus
1311 1248 1441 1286 uirtus
1473 1249 1534 1286 est

135 1312 155 1341 5
182 1305 223 1341 in
257 1305 400 1352 animo,
433 1304 620 1341 discedite
653 1299 752 1356 (pV
772 1316 870 1343 cons.
892 1316 910 1342 c

301 1481 444 1519 Tollite
476 1481 500 1517 1.
529 1476 632 1533 (V)]
689 1481 746 1519 Vt
778 1476 913 1534 (Vergy.
939 1480 1038 1520 Aen.
1063 1482 1141 1519 XII
1170 1477 1291 1535 156):

394 1551 484 1589 Non
515 1553 588 1590 hoc
619 1553 795 1590 lacrimis
827 1554 981 1602 tempus

181 1637 251 1671 aut
281 1636 328 1671 ut
360 1629 496 1687 (Vergy.
522 1634 620 1673 Aen.
647 1635 705 1672 VI
732 1630 825 1688 37):

357 1705 447 1742 Non
486 1705 558 1743 hoc
594 1707 674 1743 ista
707 1705 783 1743 sibi
814 1708 970 1755 tempus
1003 1707 1226 1755 spectacula
1257 1707 1386 1756 poscit
1417 1701 1535 1759 (ch

109 1782 154 1812 10
300 1770 377 1814 40.
433 1776 601 1814 Etrusca
643 1790 680 1826 p.
708 1778 747 1814 et
781 1789 818 1813 u.
845 1777 869 1814 1.
898 1771 973 1829 (6)]
1059 1777 1261 1827 Nauigate
1311 1777 1532 1826 Tyrrenum

181 1846 288 1871 mare
321 1828 438 1885 (ch

300 1887 378 1931 41.
424 1892 706 1943 Circumuagus
740 1907 771 1931 a.
799 1894 835 1931 b.
863 1892 1040 1932 Oceanus
1074 1889 1184 1947 (V)]
1239 1895 1287 1931 In
1328 1907 1405 1943 quo
1438 1895 1531 1932 sunt

179 1950 336 1988 Insulae
357 1951 611 2000 Fortunatae,
638 1952 687 1990 ad
713 1965 812 2001 quas
834 1952 1031 1991 Salustius
1059 1949 1162 2004 (hist.
1181 1954 1321 2001 fraym.
1337 1953 1357 1990 I
1379 1954 1430 1991 61
1447 1947 1528 2004 M.)

178 2009 221 2046 in
252 2009 419 2048 historia
451 2010 547 2048 dicit
576 2012 728 2049 uictum
759 2012 930 2049 uoluisse
961 2012 1017 2049 ire
1052 2011 1268 2050 Sertorium
1300 2007 1416 2064 (ch

299 2264 320 2296 8
347 2263 412 2297 aut
431 2262 496 2307 K]
524 2262 578 2296 ait
603 2263 638 2296 V
660 2265 716 2298 est
742 2264 796 2298 ait
817 2275 845 2308 p
864 2274 930 2299 om.
952 2275 970 2299 e
1065 2265 1108 2298 ut
1128 2285 1171 2289 —
1191 2263 1328 2308 poscit]
1355 2273 1419 2298 om.
1431 2263 1481 2299 Vc

181 2311 225 2342 10
250 2308 299 2343 ul.
324 2320 342 2344 c
438 2309 595 2354 nauigat
622 2311 656 2345 V
746 2312 918 2354 tyrenum
943 2322 992 2356 cp
1017 2311 1197 2345 tirrenum
1224 2311 1259 2346 V
