1664 2563
661 67 805 103 CARM.
827 67 878 102 m
899 71 916 102 1
1380 66 1467 108 209

239 176 314 222 ll.
347 192 591 219 DESOENDAT
616 193 658 219 IN
685 192 853 219 CAMPVM
873 176 928 231 R]
970 180 1017 217 In
1038 192 1176 229 campo
1197 181 1302 217 enim
1320 179 1466 217 Martio

114 243 276 280 comitia
321 243 434 280 erant
476 241 615 291 populi
652 240 823 278 Romani
866 242 906 278 et
947 240 1005 277 ibi
1049 239 1353 287 descendebant,
1398 240 1468 289 qui

114 302 280 340 honores
312 303 445 351 petere
476 301 698 339 uoluissent
731 295 919 353 (AF'aV

237 355 311 400 13.
346 359 569 399 Contendat
602 355 643 413 (ν
659 354 761 413 Vp)]
811 359 1008 398 Nonnulli
1039 360 1172 397 autem
1204 358 1466 409 distinguunt,

114 423 160 459 ut
197 417 282 458 ‘hic
324 421 463 458 melior
505 420 613 458 fama
655 421 695 457 et
737 419 912 457 moribus
951 414 1184 457 contendat'
1223 431 1312 456 cum
1350 430 1468 467 supra
1518 425 1538 456 5

115 480 221 519 dicto
259 481 426 529 scilicet,
471 481 542 529 qui
579 476 826 530 ‘generosior
862 479 1010 529 petitor
1047 477 1248 516 descendit
1283 479 1326 515 in
1365 490 1467 516 oam-

114 536 242 590 pum'.
306 539 442 578 Potest
478 542 611 577 autem
650 541 689 577 et
728 539 784 577 sic
816 538 911 576 dici:
957 534 1043 576 ‘hic
1075 533 1322 586 contendat',
1365 537 1469 576 idest

114 601 229 637 uiuat
261 595 421 637 ‘melior
452 599 560 637 fama
592 601 632 636 et
662 599 836 636 moribus
846 594 872 646 ⁹,
903 600 951 636 ut
982 597 1166 636 ostendat
1197 599 1328 635 uarios
1356 599 1467 635 actus

114 659 319 698 hominum
351 672 430 697 una
461 659 693 697 necessitate
724 659 852 707 perire
886 652 1027 710 (F'ocV

238 713 313 758 14.
369 714 636 769 NnonssirAs]
698 718 822 766 Mors,
867 720 905 756 et
948 730 1018 767 per
1061 717 1135 755 hoc
1176 716 1349 755 ostendit
1387 719 1468 754 stu·
1496 724 1540 756 10

115 779 182 816 dia
220 779 380 828 quidem
418 778 575 816 diuersa
613 790 695 816 esse
733 778 958 816 hominibus
996 776 1046 814 ad
1084 789 1238 814 morum
1277 778 1316 814 et
1346 777 1468 814 hono-

114 852 202 876 rum
246 838 409 889 gradus,
454 837 720 876 conditionem
760 839 893 875 tamen
930 837 1189 875 mortalitatis
1227 849 1347 874 unam
1385 848 1469 874 esse

134 894 304 937 AF'aV

116 893 133 951 (
238 951 313 996 16.
347 969 458 995 OMNE
492 968 625 994 CAPAX
658 970 697 993 M.
719 969 754 995 v.
775 952 832 1007 N.]
864 956 947 993 Aut
979 957 1073 1004 quia
1097 956 1139 992 in
1166 967 1267 992 urna
1293 955 1470 993 omnium

114 1018 287 1066 nomina,
319 1017 390 1066 qui
420 1017 586 1055 honores
618 1016 817 1066 petebant,
848 1016 957 1053 mitti
982 1017 1279 1064 consueuerant,
1311 1016 1367 1063 ut,
1401 1015 1469 1064 qui
1497 1023 1540 1053 15

115 1079 219 1115 sorte
252 1077 397 1127 egressi
428 1077 611 1125 fuissent,
654 1076 701 1114 de
733 1077 829 1126 ipsis
861 1074 1123 1123 iudicaretur,
1156 1077 1225 1112 aut
1256 1074 1469 1112 secundum

115 1137 342 1187 opinionem
373 1137 485 1174 illam
516 1136 735 1186 uulgarem,
769 1148 847 1184 qua
873 1134 1137 1173 adfirmabant
1162 1135 1266 1172 sorte
1292 1134 1469 1185 singulos

116 1196 164 1234 ab
204 1194 305 1234 Orco
350 1195 399 1234 ad
444 1198 611 1234 mortem
648 1196 754 1233 trahi
794 1190 857 1248 (ex
893 1189 1073 1247 Pomm),
1117 1196 1162 1232 ut
1199 1196 1259 1232 est
1297 1188 1467 1247 (Lucan.

114 1256 152 1293 V
179 1250 302 1309 394):

329 1316 382 1353 Et
413 1328 519 1353 uana
551 1316 686 1353 uersat
716 1315 757 1352 in
788 1327 900 1352 urna.
1495 1322 1541 1353 20

116 1407 294 1449 ‘Mouet'
327 1413 462 1449 autem
494 1413 553 1449 est
579 1407 730 1448 ‘uoluit
762 1410 811 1447 ad
837 1409 1081 1448 sortiendum
1107 1405 1258 1447 fatum'
1287 1403 1475 1462 (AF'aV

238 1466 313 1510 17.
350 1465 424 1510 18.
458 1482 587 1509 SVPER
618 1482 728 1508 INPIA
761 1465 955 1520 CERVICE]
987 1469 1043 1506 Vt
1077 1463 1211 1522 (carm.
1239 1468 1258 1506 I
1280 1470 1318 1517 9,
1346 1468 1381 1506 5.
1405 1462 1468 1520 6):

829 1554 958 1604 Ligna
990 1565 1107 1603 super
1138 1553 1225 1591 foco

329 1613 456 1665 Large
487 1626 692 1664 reponens,

117 1710 156 1747 et
195 1722 265 1759 per
297 1709 528 1760 allegoriam
559 1708 757 1760 significat
787 1709 984 1746 neminem
1016 1708 1199 1746 deliciose
1232 1709 1271 1745 et
1301 1706 1469 1744 libenter
1496 1714 1540 1745 25

40 1787 49 1796 ¹
117 1768 188 1807 sub
220 1770 330 1806 metu
361 1769 506 1807 uiuere.
571 1769 623 1806 Et
655 1769 824 1818 sumpsit
855 1767 1078 1817 exemplum
1111 1780 1134 1805 a
1164 1766 1375 1816 Dionysio,
1410 1765 1469 1803 Si-

117 1829 298 1867 culorum
341 1830 512 1878 tyranno
548 1841 716 1880 magnae
753 1828 964 1876 saeuitiae3
1008 1827 1120 1865 cuius
1159 1826 1253 1863 dum
1290 1826 1471 1876 potentia

118 1890 157 1925 et
183 1889 317 1938 copiae
345 1901 368 1925 a
393 1887 580 1926 Damocle
607 1888 779 1937 quodam
804 1887 1040 1937 philosopho
1066 1886 1334 1935 laudarentur,
1365 1885 1471 1935 quod

239 2005 258 2035 2
286 2001 477 2036 commitia
502 2002 550 2044 A,
574 2006 664 2036 recte
689 2013 708 2036 r
805 2005 826 2035 4
853 1999 1013 2035 contend
1032 2014 1054 2035 ν
1152 2000 1292 2046 autem]
1319 2010 1385 2034 om.
1399 2013 1422 2033 α

117 2048 330 2094 distingunt
349 2063 369 2094 y
468 2052 511 2083 10
538 2049 575 2084 et
599 2060 666 2094 per
680 2071 723 2074 —
738 2049 832 2095 esse]
854 2059 954 2083 omae
1053 2051 1095 2082 12
1123 2047 1379 2082 condicionem
1394 2048 1429 2083 V

120 2100 163 2130 14
189 2097 229 2130 in
253 2107 385 2132 urnam
411 2109 461 2132 occ
577 2100 618 2131 17
649 2096 888 2131 affirmabant
914 2096 1051 2140 ochcp
1165 2099 1208 2130 21
1236 2094 1471 2130 sorciendum

119 2144 262 2188 AP‘V,
287 2149 378 2181 recte
403 2156 483 2190 occp
581 2147 625 2179 24
644 2143 752 2190 larga
772 2145 807 2179 A
905 2146 949 2177 25
970 2142 1141 2178 delitiose
1162 2143 1254 2188 Acp
1351 2146 1394 2176 26
1414 2141 1470 2176 ui-

117 2202 206 2226 uere
238 2193 305 2228 sub
337 2193 440 2227 metu
468 2194 516 2228 Vc
540 2203 634 2227 cons.
650 2204 679 2238 p
825 2190 979 2235 donysio
1006 2191 1042 2226 A
1074 2190 1233 2225 dionisio
1262 2189 1334 2224 Γόι
1345 2191 1424 2234 ch

120 2243 163 2274 27
183 2239 331 2275 tiranno
353 2241 400 2283 A,
419 2245 509 2276 recte
531 2239 603 2274 Γόι
701 2250 836 2285 magne
855 2240 892 2274 A
990 2238 1122 2286 seuitie
1143 2239 1179 2273 A
1277 2241 1320 2273 28
1341 2237 1471 2282 copiae

122 2288 229 2334 Pap]
251 2288 356 2333 copie
376 2289 441 2323 Av
468 2288 576 2332 copia
597 2289 652 2323 Vc
748 2286 916 2322 damocle
930 2298 959 2331 p
978 2287 1131 2333 Porph]
1153 2285 1309 2320 domede
1330 2286 1365 2320 A
1391 2284 1470 2319 dio-

119 2335 227 2369 mede
256 2339 290 2370 Γ
311 2335 496 2371 diomedie
523 2349 546 2369 α
573 2335 732 2381 diogene
757 2336 837 2370 va

191 2401 435 2428 PsnvnAcnoms
456 2408 594 2428 scnonm
614 2408 648 2427 m
668 2402 764 2427 HORA
766 2408 854 2426 ΤΤΤΤΤ
1215 2396 1257 2426 14
