1664 2563
130 772 173 802 10

129 1090 172 1120 15

128 1442 172 1472 20

128 1770 171 1801 25

200 75 288 117 424
644 75 895 111 EXPOSITIO
921 77 974 111 IN
997 77 1109 112 HOR.

320 183 365 226 6.
422 199 640 230 TORQVATO
678 200 790 227 Movss
823 200 856 225 c.
884 201 917 225 P.
945 185 1006 239 ir]
1067 189 1125 226 Eo
1163 190 1321 227 consule
1358 191 1453 228 uina
1488 202 1547 227 re-

199 247 331 296 posita
374 247 541 296 proferri
584 247 713 295 iubet,
760 260 837 296 quo
879 248 964 297 ipse
1004 250 1120 285 natus
1159 250 1234 286 est:
1278 249 1414 286 Malh’o
1453 249 1547 287 Tor—

201 308 323 355 quato
358 301 462 358 (AV
483 317 582 343 cons.
609 307 747 353 Porph.

318 373 481 427 ss<Tu>]
538 377 769 425 Alloquitur
800 378 1026 426 pincernam
1059 373 1116 430 (Γ

324 442 365 485 7.
411 442 454 485 8.
512 459 617 485 DEVS
663 459 771 485 HAEC
816 459 1023 485 FORTASSE
1064 459 1262 487 BENIGNVS
1300 461 1336 486 R.
1368 461 1394 487 1.
1427 460 1458 487 s.
1489 445 1547 500 v.]

200 505 308 544 Idest
357 507 471 555 siqua
520 508 649 544 minus
699 507 804 545 laeta
848 510 939 545 sunt
983 509 1053 544 aut
1097 520 1197 556 quae
1241 507 1548 546 sollicitudinem

199 567 404 613 moueant,
443 565 489 602 de
528 565 598 603 deo
638 566 832 615 speranda
863 566 976 614 dicit,
1015 569 1059 603 ut
1090 567 1131 603 in
1162 567 1302 604 melius
1334 568 1549 615 mutentur,

200 623 411 662 dummodo
443 624 620 662 laetitiae
653 637 731 663 non
762 625 1105 674 praetermittatur
1137 626 1287 663 occasio
1320 620 1424 678 (AV

321 690 364 733 8.
415 691 673 745 ACHEMENIO]
729 695 884 733 Persico
919 690 1092 747 (AFDV

318 765 450 802 *Nam
481 767 654 814 primum
684 765 826 804 Persae
858 767 1094 804 inuenerunt
1124 778 1238 804 usum
1269 767 1383 804 nardi
1416 762 1473 820 (F

319 831 363 874 9.
390 849 487 873 mm:
514 832 722 887 CILLENIA]
763 836 869 885 Lyra
896 850 919 874 a
945 837 1080 885 corda,
1107 849 1225 886 quam
1250 837 1423 875 traditur
1446 837 1547 875 Mer-

201 895 330 932 curius
373 896 569 933 inuenisse
616 890 734 947 (cons.
760 897 822 933 Pb
853 891 1032 948 Por-pla),
1082 909 1160 944 qua
1204 899 1365 945 accepta
1408 897 1457 934 ab
1502 908 1548 935 eo

199 954 400 1002 Amphion
433 956 550 992 cantu
583 954 727 992 dicitur
757 967 889 992 muros
922 955 1058 992 fecisse
1090 955 1295 993 Thebanos
1329 950 1432 1007 (AV

322 1019 397 1063 11.
462 1036 615 1061 GRANDI
672 1036 907 1063 CENTAVRVS
963 1022 1148 1076 ALVMNO]
1233 1025 1290 1063 Vt
1343 1025 1547 1064 quenalis

202 1077 259 1134 (7,
287 1084 383 1120 210.
419 1078 540 1135 211):

980 1166 1064 1203 Iam
1098 1166 1256 1216 grandis
1287 1166 1462 1205 Achilles

416 1223 612 1262 Cantabat
643 1225 783 1273 patriis
815 1226 856 1261 in
888 1226 1086 1263 montibus
1120 1220 1224 1277 (AV

322 1313 397 1356 12.
430 1330 594 1356 INVICTE
626 1330 830 1356 MORTALIS
857 1331 939 1356 DEA
965 1331 999 1355 N.
1027 1332 1060 1356 P.
1089 1315 1144 1369 T.]
1200 1318 1384 1357 Nobilem
1412 1318 1547 1357 Chiro-

198 1390 287 1414 nem
331 1377 445 1425 dicit,
489 1379 598 1415 cuius
642 1378 762 1415 uerba
804 1379 919 1427 ponit
955 1378 1102 1415 Achilli
1146 1378 1415 1427 praedicentia
1461 1379 1549 1416 fata

199 1447 270 1473 sua
302 1434 407 1485 (AV

317 1506 478 1543 >³⁴Verba
510 1508 601 1544 sunt
633 1505 837 1556 Centauri,
870 1508 937 1555 qui
968 1507 1164 1545 Achillem
1196 1509 1235 1545 et
1264 1507 1546 1557 Aesculapium

198 1565 370 1601 nutriuit
402 1560 482 1616 (Pb

321 1629 396 1674 13.
435 1646 633 1673 ASSARACI
665 1632 837 1685 TELLVS]
893 1636 1003 1673 Auus
1029 1636 1189 1684 Priami,
1223 1649 1245 1673 a
1277 1649 1353 1685 quo
1386 1638 1425 1673 et
1451 1637 1544 1675 Tro-

198 1694 280 1730 iani
313 1688 417 1745 (AV

318 1761 492 1814 TELLVS]
548 1765 595 1801 In
628 1777 705 1813 qua
737 1765 980 1814 sepeliendus
1014 1767 1099 1803 erat
1131 1760 1235 1817 (AV

317 1834 389 1872 *Si
416 1831 562 1884 ‘praui'
587 1837 768 1883 tortuosi,
799 1848 877 1874 non
902 1837 1011 1885 recti,
1042 1837 1202 1884 sinuosi,
1234 1837 1317 1874 siue
1341 1831 1545 1887 <‘parui'>

200 1893 330 1942 exigui
363 1888 419 1944 (F

319 2030 338 2060 6
365 2027 463 2061 idest
488 2029 584 2074 AV]
612 2039 676 2062 om.
698 2040 747 2073 cp
846 2034 885 2063 11
914 2029 995 2073 lyra
1015 2030 1091 2074 bep
1111 2030 1262 2075 Porph]
1287 2029 1359 2063 lira
1378 2029 1500 2063 AFV

199 2084 221 2107 a
259 2073 369 2107 eorda
406 2075 526 2120 AVp]
566 2075 677 2109 corda
714 2087 732 2111 c
762 2087 855 2111 cons.
882 2077 925 2111 P.
1074 2081 1118 2110 12
1155 2087 1197 2111 eo
1235 2077 1268 2122 c]
1307 2087 1350 2110 ea
1387 2076 1496 2119 AVp

201 2123 243 2154 14
269 2122 466 2166 centaurus
493 2123 538 2164 A,
565 2127 654 2157 recte
673 2133 703 2166 p
841 2126 882 2157 19
909 2123 984 2157 fiba
1004 2141 1047 2151 =
1067 2124 1183 2157 uerba
1208 2124 1259 2168 V]
1284 2123 1377 2157 iibra
1401 2123 1438 2156 A
1462 2134 1544 2156 um-

198 2167 303 2201 bram
329 2179 378 2212 cp
520 2168 713 2212 §dicentia
738 2170 833 2215 AV]
859 2169 1112 2215 predicentem
1134 2182 1162 2214 p
1199 2169 1452 2214 predicentem
1477 2180 1495 2204 c

198 2213 278 2248 fata
305 2215 399 2260 ch]
425 2214 526 2248 facta
552 2216 588 2249 A
733 2220 775 2250 ‘23
804 2217 986 2251 assai-icus
1012 2228 1030 2252 c
1055 2218 1182 2252 inserit
1211 2220 1295 2251 ante
1329 2226 1436 2258 anua,
1467 2226 1544 2250 non

197 2262 304 2305 AVp
446 2262 581 2305 priami
614 2263 710 2308 AV]
749 2263 923 2298 anchisae
949 2275 979 2308 p
1017 2263 1166 2298 anchise
1192 2275 1210 2299 e
1353 2266 1397 2297 25
1429 2262 1543 2296 tellus

198 2307 296 2341 enim
322 2309 357 2343 A
456 2313 499 2343 ‘26
525 2310 657 2344 emend.
678 2310 727 2344 K.
