1664 2563
638 59 753 94 VITA
778 59 890 94 HOR.
1419 58 1446 100 3

93 172 203 210 ciuili
221 172 324 210 bello
343 170 547 220 mihtauit,
568 174 783 221 captusque
805 174 864 210 est
884 185 907 210 a
928 171 1103 210 Caesare.
1142 172 1238 210 Post
1256 185 1446 222 magnum

92 234 245 281 tempus
277 231 464 269 beneficio
484 231 723 269 Maecenatis
749 245 828 269 non
854 232 981 269 solum
1007 233 1198 281 seruatus,
1232 232 1299 269 sed
1325 232 1446 269 etiam

93 292 136 328 in
157 291 373 329 amicitiam
393 293 572 339 receptus
593 293 661 328 est.
696 290 946 340 Quapropter
964 291 1186 328 Maecenati
1206 293 1245 328 et
1264 291 1445 341 Augusto

91 352 133 388 in
172 351 352 388 omnibus
391 351 547 399 scriptis
586 351 665 388 suis
704 351 985 388 uenerabiliter
1027 351 1209 400 assurgit.
1279 349 1447 399 Scripsit

94 412 226 448 autem
264 409 481 447 carminum
519 409 640 447 libros
674 409 790 458 -IHL,
832 423 988 447 carmen
1025 411 1242 458 saeculare,
1281 410 1446 459 epodon,
1497 417 1516 447 5

93 470 140 507 de
167 471 250 507 arte
275 470 432 518 poetica
457 469 523 506 lib.
544 469 575 517 I,
608 469 867 518 epistularum
893 469 959 507 lib.
980 469 1032 517 H,
1059 482 1282 507 sermonum
1306 470 1372 506 lib.
1394 468 1446 506 Π.

3 522 74 584 bs
94 527 358 567 Commentati
390 529 432 566 in
462 529 577 566 illum
609 531 701 566 sunt
732 528 997 578 Porphyrion,
1029 529 1228 566 Modestus
1261 531 1300 566 et
1330 528 1445 566 Hele—

92 588 182 626 nius
226 588 375 635 Acron;
425 588 557 625 Acron
602 589 781 626 omnibus
825 589 965 626 melius
1012 583 1162 640 (ΑΒΓ
1178 583 1252 641 (=
1272 583 1444 640 yDIaf)

92 659 191 686 cons.
206 648 252 695 ej
266 648 286 693 ζ
308 649 392 685 sim.
412 648 552 695 Porplae.

213 776 230 806 1
260 783 384 818 cesare
410 773 489 817 Bf]
519 783 643 806 cesare
669 777 744 807 cett.
824 783 1002 818 magnum
1028 774 1162 814 ABcg
1180 772 1329 818 Por-ph]
1351 772 1447 806 mul-

94 821 175 854 tum
201 822 235 853 Γ
351 824 369 853 2
397 831 518 854 maec:
546 820 596 865 B]
624 831 721 854 mec:
748 824 824 854 cett.
924 820 989 854 sed
1008 820 1090 865 Aa]
1121 820 1168 854 s&
1188 834 1208 865 γ
1230 832 1256 862 s,
1284 820 1402 862 BfM

93 871 113 901 3
139 878 260 901 maec:
288 867 338 912 B]
361 878 456 901 mec:
482 871 556 902 cett.
657 872 853 901 5·carmen
880 867 1069 902 saeculare
1090 869 1179 912 (seez
1195 869 1273 911 Ay)
1300 867 1445 911 epodon

92 915 186 960 AB]
216 915 334 959 epod:
351 925 473 949 carm:
490 927 505 949 s
523 930 529 949 ε
546 917 580 948 Γ
715 918 734 948 6
761 914 825 949 lib.
846 915 876 960 1]
905 915 992 948 libri
1018 916 1053 949 B
1188 915 1300 959 epist:
1328 915 1392 950 lib.
1413 915 1446 948 H

94 973 305 997 sermonum
330 962 393 997 lib.
414 962 448 996 Π
472 963 591 1008 ΑΒζ]
621 973 831 996 sermonum
856 962 920 997 lib.
942 963 975 996 Π
995 962 1075 1007 (ΠΗ
1096 964 1133 1007 α)
1154 963 1267 1007 epist:
1298 973 1445 1007 quoque

95 1012 173 1054 (om.
196 1011 227 1055 c)
247 1010 311 1044 lib.
327 1009 360 1043 H
381 1012 436 1044 Γο
504 1010 749 1055 epistularum
768 1011 818 1055 A]
842 1010 1086 1054 epistolarum
1106 1011 1192 1053 ch
1266 1014 1283 1044 7
1307 1022 1443 1044 comm:

91 1058 131 1091 in
150 1057 259 1091 illum
280 1070 312 1092 s:
339 1058 433 1103 ij
453 1069 518 1092 om.
535 1062 554 1099 ζ
572 1058 813 1092 commentati
834 1060 920 1092 sunt
939 1058 978 1091 in
998 1058 1106 1091 illum
1126 1058 1275 1101 BMccf
1348 1069 1445 1092 com-

92 1105 252 1140 mentari
278 1107 314 1140 A
412 1106 511 1151 sunt]
541 1118 556 1140 s
576 1107 612 1140 A
639 1107 737 1150 (olim
763 1108 817 1149 s?)
915 1105 1144 1150 porphyrion
1164 1106 1199 1151 y]
1227 1105 1445 1150 porphirion

93 1153 294 1197 BfMoccj
319 1153 494 1197 porfirion
521 1154 557 1188 A
691 1155 728 1188 et
753 1153 922 1188 helenius
948 1154 1042 1198 AB]
1071 1153 1225 1188 helenus
1252 1155 1289 1188 et
1315 1154 1398 1197 ch

93 1204 113 1235 8
152 1211 263 1235 acron
307 1201 479 1235 omnibus
522 1201 656 1235 melius
694 1202 801 1236 ABc
844 1212 966 1236 acron.
1006 1201 1138 1235 melius
1177 1212 1288 1235 acron
1327 1200 1446 1235 omni-

92 1248 160 1282 bus
186 1249 257 1292 focj
295 1259 416 1282 acron.
444 1248 577 1282 melius
611 1248 781 1283 omnibus
808 1259 919 1283 acron
948 1250 997 1283 M
1019 1259 1140 1283 acron.
1181 1260 1293 1283 acron
1318 1250 1445 1283 tamen

92 1295 225 1330 melius
252 1296 424 1330 omnibus
450 1310 470 1341 y
