1664 2563
564 75 706 110 CARM.
727 75 760 109 Π
780 79 810 110 5.
834 80 853 110 6
1302 77 1384 118 155

578 257 732 296 CARM.
760 259 800 295 Π
828 260 850 296 6

158 366 326 391 METRVM
359 365 587 391 SAPPHICVM
620 348 749 405 (ΑΓα

162 408 204 452 l.
237 424 400 450 SEPTIMI
433 424 565 450 GADES
598 424 634 449 A.
661 408 721 463 M]
767 412 1003 462 Septimium
1035 413 1208 461 equitem
1240 412 1382 450 Roma-

41 485 148 520 num,
182 473 352 510 amicum
384 474 422 509 et
454 472 760 509 commilitonem
792 484 920 519 suum,
950 472 1023 509 hac
1056 471 1127 509 ode
1154 472 1383 521 alloquitur,

40 532 105 569 cui
140 544 181 569 se
213 533 326 569 tanta
358 531 509 581 gratiae
540 531 827 569 necessitudine
859 531 1009 568 fatetur
1040 531 1292 578 adstrictum,
1327 534 1384 578 ut,
1435 539 1455 568 5

41 591 74 628 si
106 591 222 638 uelit,
262 590 311 628 ad
341 591 504 628 ultimas
536 590 673 627 mundi
706 591 882 628 nationes
914 591 971 628 ire
1003 603 1042 628 se
1075 603 1164 627 cum
1196 603 1239 628 eo
1271 602 1384 640 posse

41 651 262 699 promittat.
313 649 509 687 Hortatur
540 651 684 697 tamen,
715 652 761 687 ut
792 650 1018 699 gratissima
1049 649 1123 687 sibi
1151 649 1238 687 loca
1263 650 1386 699 eligat

41 709 200 747 Tiburis
233 712 273 746 et
298 709 472 756 Tarenti,
504 721 673 758 quorum
702 711 741 746 et
767 709 1043 747 amoenitatem
1076 708 1215 746 laudat
1241 703 1344 760 (AF
1354 709 1390 746 V

39 780 139 806 cons.
166 768 304 815 Porph.

160 839 322 865 snprnu
366 823 517 877 GADEs]
580 826 737 864 Insulae
781 829 873 864 sunt
910 826 1126 876 Hispaniae
1164 827 1205 863 in
1242 827 1385 865 ultima
1414 834 1456 864 10

40 888 152 936 parte
185 885 329 924 Oceani
363 881 535 938 (AFaV

161 941 204 984 2.
262 957 507 983 CANTABRVM
544 956 754 983 INDOOTVM
791 957 815 981 1.
843 957 876 981 F.
904 940 959 995 N.]
1031 943 1132 982 Gens
1170 944 1385 993 Hispaniae

41 1007 125 1043 siue
171 999 258 1057 (sec.
284 999 442 1056 Porplz.)
482 1003 635 1042 Galliae
679 1003 845 1042 necdum
884 1017 907 1042 a
944 1004 1132 1042 Romanis
1169 1004 1295 1052 uicta,
1340 1004 1386 1041 de

41 1077 122 1113 qua
152 1063 337 1102 Lucanus
371 1058 446 1116 (VI
473 1064 568 1101 258.
597 1058 718 1115 259):

536 1134 610 1172 Vel
642 1134 675 1172 si
706 1134 779 1172 tibi
810 1136 922 1185 terga
954 1133 1126 1172 dedisset
1414 1142 1456 1171 15

255 1193 459 1232 Cantaber.

40 1277 153 1315 Hanc
187 1276 396 1327 Augustus
427 1278 565 1326 postea
596 1276 803 1325 superauit
835 1270 1008 1328 (AFaV

163 1331 207 1375 3.
259 1331 489 1386 BARBARAS]
551 1335 812 1384 Inhospitales
851 1336 1012 1385 propter
1042 1336 1235 1372 incertum
1266 1336 1387 1373 maris

62 1393 181 1432 ArV

41 1390 59 1447 (
161 1465 301 1492 MAVRA
347 1449 541 1505 [SEMPER]
598 1453 672 1491 Pro
706 1452 913 1501 Africana,
945 1454 1040 1502 quia
1072 1456 1241 1502 utraque
1273 1453 1388 1491 Libia
1414 1461 1459 1492 20

42 1513 190 1551 dicitur
223 1508 279 1565 (A
288 1514 355 1551 rV
371 1514 456 1551 sim.
481 1513 621 1559 Porplz.

163 1568 207 1611 5.
264 1584 386 1610 TIBVR
416 1584 552 1609 ARGEo
586 1570 637 1620 o]
701 1571 807 1610 Idest
839 1585 862 1610 a
893 1570 1051 1610 Graecis
1083 1571 1303 1619 conditum,
1342 1574 1390 1609 ut

0 1631 3 1635 '
43 1626 180 1684 (Vera.
206 1630 304 1670 Aen.
325 1631 402 1668 VII
430 1625 550 1684 672):

255 1702 409 1753 Argiua
439 1703 628 1740 iuuentus
662 1697 763 1754 (AF

166 1780 207 1824 7.
265 1797 328 1822 SIT
359 1796 496 1823 Monvs
527 1781 673 1835 LAsso]
735 1784 896 1821 Modum
927 1783 1043 1821 finem
1076 1783 1176 1821 dixit
1206 1784 1388 1822 laborum
1414 1792 1459 1823 25

44 1839 163 1897 (cons.
196 1839 372 1896 Pomm),
421 1847 468 1881 ut
517 1844 652 1882 eadem
696 1843 810 1881 domo
854 1845 892 1880 et
936 1845 1131 1881 senectam
1175 1846 1308 1893 ageret
1350 1846 1390 1882 et

45 1905 173 1942 uitam
203 1904 335 1941 finiret
367 1898 470 1955 (AF
480 1904 516 1941 V

164 1958 209 2002 9.
260 1958 387 2013 VNDE]
443 1962 479 1999 A
511 1974 601 2011 quo,
632 1961 735 1999 idest
767 1974 789 1999 a
821 1960 966 1998 Tibure
1000 1956 1101 2013 (AF
1111 1961 1147 1999 V

164 2091 184 2121 2
211 2086 379 2121 safficum
399 2088 464 2131 Ay
491 2085 683 2131 saphicum
708 2098 758 2120 να
857 2089 876 2119 5
901 2084 1093 2119 astrictum
1112 2087 1175 2121 rV
1266 2089 1286 2120 6
1306 2097 1389 2130 pro-

44 2134 172 2169 mittat
190 2145 297 2179 posse
327 2135 405 2178 ch
502 2138 521 2168 8
543 2133 784 2168 amenitatem
804 2134 839 2167 A
938 2136 978 2166 17
999 2133 1095 2167 hanc
1117 2154 1160 2158 ——
1181 2133 1388 2179 superauit]

46 2193 113 2217 om.
133 2194 153 2217 r
250 2185 292 2216 18
318 2181 497 2215 barbaras
531 2181 580 2226 V]
607 2180 767 2215 barbara
792 2181 828 2214 A
923 2179 1161 2225 inhospitalis
1181 2182 1216 2215 A
1241 2181 1390 2215 inhabi-

46 2228 175 2263 tabilis
202 2241 220 2264 r
316 2229 483 2274 propter]
510 2232 560 2273 p-p
581 2229 616 2262 A
713 2231 756 2261 20
784 2237 928 2271 semper
948 2228 982 2262 A
1008 2229 1119 2263 om.V
1211 2232 1253 2262 28
1275 2239 1296 2262 a
1317 2240 1388 2272 quo

47 2275 145 2310 idest
170 2287 192 2310 a
216 2278 248 2310 t:
277 2276 356 2322 Ay]
382 2276 479 2310 idest
505 2287 526 2310 a
553 2286 624 2318 quo
652 2274 793 2309 scilicet
818 2275 849 2308 t:
876 2286 896 2309 r
933 2285 954 2308 a
980 2285 1052 2318 quo
1079 2275 1221 2309 scilicet
1247 2286 1268 2308 a
1293 2277 1325 2309 t:
1361 2277 1396 2311 V

48 2333 70 2356 a
95 2324 127 2357 t:
150 2334 188 2367 p,
215 2328 327 2359 totum
351 2324 456 2359 schol.
478 2334 543 2358 om.
565 2334 583 2358 c
