1664 2563
129 839 170 869 10

128 1158 168 1187 15

126 1466 168 1494 20

199 127 253 168 8?
639 127 888 163 EXPOSITIO
915 128 967 162 IN
992 128 1102 163 HOR.

314 252 394 277 NON
438 252 519 277 EGO
564 253 614 277 TE
660 252 839 277 CANDmE
883 252 1089 278 BASSAREV
1132 254 1156 278 1.
1196 237 1251 292 Q.]
1326 241 1540 280 Bassareus

198 299 323 337 dictus
362 301 420 337 est
451 299 568 337 Liber
604 302 717 348 pater
748 313 771 337 a
804 313 941 350 genere
979 301 1100 338 uestis
1131 300 1392 349 Baccharum,
1437 301 1540 339 unde

198 361 236 396 et
278 358 455 396 Bacchae
499 359 726 397 Bassai-ides
771 359 897 397 dictae
941 354 1005 411 (em
1029 355 1199 412 Porple.)⁴
1261 359 1392 397 Vestis
1437 360 1541 398 enim

197 430 317 468 genus
350 419 408 455 est
439 430 560 466 usque
593 418 642 455 ad
673 418 789 467 pedes
822 418 1016 466 dimissae,
1051 418 1157 457 dicta
1189 431 1211 456 a
1242 419 1424 466 Bassara,
1455 420 1539 457 loco

197 476 363 526 Lydiae,
407 477 475 514 ubi
516 477 570 515 fit.
634 478 722 515 Tali
766 478 869 515 enim
914 479 952 515 et
994 479 1156 515 numina
1199 478 1258 515 uti
1295 479 1451 527 uolunt,
1496 480 1541 515 ut

198 531 333 587 (Vera.
359 535 456 573 Aen.
482 536 502 573 I
528 538 623 575 404,
653 532 774 589 405):

586 619 707 657 Pedes
739 621 860 657 uestis
893 620 1053 657 defluxit
1085 620 1134 657 ad
1164 621 1263 658 imos

409 678 462 715 Et
492 690 586 716 uera
617 678 769 716 incessu
800 679 931 728 patuit
963 679 1035 717 dea
1068 674 1285 731 (AFafcp

318 767 393 810 12.
426 785 593 810 INVITVM
627 770 826 824 QVATIAM]
877 773 985 811 Idest
1015 786 1093 812 non
1124 774 1212 822 plus
1244 772 1388 822 bibam⁷
1421 786 1540 822 quam

197 833 352 880 oportet
384 827 440 883 (A
450 834 514 869 Γα
533 844 633 870 cons.
654 844 708 880 cp

314 915 392 939 NEC
436 915 569 940 VARns
612 915 756 940 oBs1TA
794 916 1020 942 FRONDIBvs
1043 915 1133 942 -3νΒ
1170 916 1298 942 DIVVM
1336 900 1391 954 R]
1453 903 1540 941 Hoc

196 964 270 1000 est:
302 974 379 999 non
413 975 555 1000 arcana
587 965 751 1000 naturae
783 964 847 1000 uel
879 976 978 1012 quae
1010 963 1134 1001 celare
1166 964 1238 1011 uis,
1269 964 1311 1000 in
1335 962 1539 1011 publicum

196 1021 410 1070 proferam,
451 1024 489 1058 et
526 1022 614 1059 uult
650 1035 719 1071 per
757 1022 984 1072 allegoriam
1022 1023 1202 1072 intellegi
1232 1034 1271 1059 se
1302 1035 1371 1070 per
1402 1022 1538 1058 uinum

196 1082 343 1118 secreta
374 1093 451 1118 non
483 1081 645 1129 prodere
678 1077 807 1131 (ΑΓα
827 1093 925 1119 cons.
947 1094 1002 1129 ep
1026 1082 1164 1129 Porph.

318 1146 392 1190 13.
443 1151 574 1189 ⁸*wsene
607 1152 622 1203 ζ
626 1147 693 1204 11)]
757 1152 863 1190 Idest
901 1153 1001 1190 sicut
1036 1154 1077 1189 in
1108 1152 1368 1200 Berecynthio
1405 1153 1537 1189 monte

194 1211 421 1259 reprimitur
459 1211 624 1248 ebrietas
662 1225 731 1260 per
767 1212 943 1249 misteria
979 1211 1117 1249 matris
1155 1211 1287 1259 deum,
1331 1211 1386 1249 sic
1418 1213 1456 1248 et
1492 1212 1537 1248 tu

194 1269 360 1318 reprime
394 1268 477 1321 (Fa
497 1282 596 1307 cons.
616 1282 672 1317 cp

313 1353 417 1376 TENE
468 1352 548 1378 CVM
599 1353 842 1378 BERECINTIO
894 1353 1026 1379 CORNv
1077 1336 1273 1391 TIMPANA]
1348 1340 1537 1378 Precatur

194 1397 389 1447 Liberum,
420 1402 465 1437 ut
497 1401 695 1438 contineat
727 1400 775 1437 ab
805 1413 849 1438 eo
876 1401 1018 1438 furoris
1043 1401 1310 1448 incitamenta,
1343 1412 1442 1448 quae
1467 1413 1537 1448 per

195 1470 234 1495 se
265 1459 352 1506 ipsa
383 1459 578 1497 insaniam
610 1459 826 1497 accendunt
857 1456 921 1511 (ex
951 1454 1122 1512 Pomm),
1153 1461 1198 1496 ut
1223 1459 1263 1496 in
1288 1458 1535 1496 Berecinthio

195 1519 325 1554 monte
364 1530 433 1566 per
462 1518 639 1555 misteria
670 1518 807 1556 matris
840 1519 971 1567 deumz,
1008 1531 1098 1555 nam
1130 1520 1408 1567 tympanorum
1440 1519 1534 1555 stre-

195 1577 320 1624 pitum
353 1589 422 1625 pro
456 1577 642 1615 ebrietate
674 1578 808 1626 posuit
839 1572 893 1630 (A
904 1579 998 1624 Fas
1011 1589 1109 1615 cons.
1129 1589 1185 1625 cp

315 1644 486 1698 amous]
550 1648 624 1686 Per
661 1648 889 1686 ebrietatem
921 1649 1072 1686 nescius
1105 1649 1164 1686 sui
1196 1643 1340 1699 (ΑΓΖ)
1360 1659 1459 1685 cons.
1479 1659 1535 1694 cp

318 1713 391 1756 15.
442 1731 606 1756 VACVVM
643 1716 867 1770 vonricmi]
930 1719 1086 1757 Vanum
1120 1719 1213 1756 uino
1245 1719 1309 1756 uel
1338 1719 1427 1768 plus
1459 1718 1534 1756 sibi

126 1786 162 1812 22·
196 1777 419 1827 adrogando
458 1779 575 1829 (coms.
595 1774 753 1831 Por-ph.)
791 1792 936 1817 uanum
975 1775 1031 1830 (A
1041 1773 1170 1830 F(r0c)
1184 1778 1351 1825 paulum
1375 1779 1458 1815 sim.
1478 1789 1535 1825 cp

316 1953 330 1981 1
360 1949 533 1983 basareus
561 1964 583 1983 α
711 1954 730 1984 3
756 1950 873 1984 bache
900 1952 934 1985 A
1032 1951 1130 1984 dicte
1156 1952 1191 1985 A
1311 1953 1332 1982 4
1357 1949 1469 1994 pedes
1497 1950 1534 1983 et

197 1994 346 2041 dimisse
369 1998 401 2028 A
427 1997 539 2040 pedes
568 1997 721 2031 dimissa
738 1998 829 2041 Pas
920 2002 939 2031 5
965 1997 1066 2041 lydie
1087 1999 1122 2032 A
1195 1998 1233 2031 et
1257 1996 1424 2042 numina]
1445 2007 1532 2030 enu-

196 2041 296 2075 mina
322 2045 356 2077 A
490 2048 532 2077 10
559 2046 704 2088 oportet
729 2047 763 2079 Γ
766 2046 830 2090 oce]
858 2046 1027 2089 oporteat
1053 2046 1120 2089 Ap
1253 2048 1294 2077 12
1321 2054 1455 2077 aroana
1480 2044 1530 2089 A]

196 2089 357 2123 archana
377 2092 437 2123 Γα
511 2093 644 2125 natura
664 2094 698 2126 A
770 2092 846 2137 uel]
868 2104 932 2126 om
945 2106 968 2125 α
1067 2096 1109 2126 15
1123 2091 1362 2134 berecynthio
1375 2091 1410 2136 r]
1429 2090 1532 2124 bere—

196 2135 335 2170 cinthio
363 2148 469 2181 yacp
568 2142 608 2172 18
635 2140 868 2182 precatur—
889 2139 927 2172 in
953 2139 1050 2184 berz]
1077 2139 1174 2173 idest
1199 2138 1295 2172 sicut
1319 2138 1438 2172 inber:
1460 2152 1483 2171 α

198 2185 238 2215 19
260 2194 325 2226 per
351 2193 387 2217 33
414 2184 495 2227 ipsa
516 2185 580 2230 K]
603 2196 640 2219 se
660 2186 789 2230 ipsaA
816 2190 847 2220 et
872 2187 1137 2231 Pomohyrionis
1162 2185 1297 2220 codeces
1322 2195 1360 2219 se
1385 2185 1468 2229 ipsa
1487 2187 1531 2228 ys

196 2240 233 2263 se
259 2230 341 2274 ipsa
367 2231 405 2264 in
425 2243 444 2265 r
468 2231 551 2275 ipsa
571 2243 609 2265 se
629 2233 666 2266 in
686 2244 734 2277 cp
831 2237 874 2267 20
896 2233 1102 2266 accendunt
1122 2234 1213 2276 Aep
1232 2232 1382 2277 Porph]
1403 2242 1531 2266 accen-

196 2277 286 2310 dant
306 2290 324 2312 r
350 2278 531 2312 accedunt
557 2293 576 2322 7
721 2284 761 2314 >1
788 2280 1038 2324 timpanorum
1064 2282 1099 2314 A
1231 2282 1332 2312 24—
1348 2290 1376 2313 c.
1397 2279 1413 2312 I
1432 2283 1488 2322 23
1509 2284 1531 2313 5

195 2324 313 2358 NON
335 2325 413 2359 EX
418 2326 521 2360 TAT
542 2326 644 2360 schol.
656 2341 674 2370 γ
748 2331 869 2362 utrum
890 2327 1068 2361 uorticem
1088 2338 1138 2361 an
1157 2326 1334 2360 uerticem
1354 2327 1482 2361 habeat
1496 2328 1530 2361 A

190 2383 323 2414 parum
351 2373 460 2416 liquet
