1664 2563
106 808 148 840 10

108 1117 150 1148 15

110 1544 154 1574 ‘30

173 68 258 110 202
617 67 868 102 EXPOSITIO
893 67 946 102 IN
971 67 1082 102 HOR.

292 193 416 219 GRAVI
471 192 691 218 METVENDE
742 176 922 231 THYRso]
983 180 1040 217 Vt
1087 180 1198 217 uelut
1246 179 1518 228 perturbatam

173 241 395 279 ostenderet
436 243 628 288 mentem,
677 241 794 289 putat
837 239 912 277 sibi
955 239 1097 277 infesto
1134 240 1270 288 thyrso
1308 239 1424 277 deum
1461 239 1520 276 in-

171 294 456 412 ffiiInetregssyj·
494 295 659 337 ‘Grani'
693 301 824 337 autem
858 294 1131 348 ‘pernitioso'‚
1163 301 1207 336 ut
1232 299 1315 348 ipse
1342 299 1519 347 superius

289 390 298 408 ,
356 390 361 396 .
448 388 456 396 .

955 452 1181 502 Grauesque

386 514 619 563 Principum
651 512 846 550 amicitias
881 507 938 565 (A
946 514 984 550 Γ
990 510 1026 550 ἀ
1033 514 1057 559 f
1066 512 1102 550 V

294 616 338 659 9.
370 632 445 658 FAS
472 631 724 658 PERVICACES
751 631 825 657 EST
852 632 942 657 mm
962 615 1018 670 T.]
1068 619 1143 657 Fas
1169 632 1272 657 nunc
1297 631 1376 657 non
1401 619 1522 668 signi-

173 680 266 718 ficat
304 676 450 728 ‘licet'‚
490 680 556 718 sed
590 676 796 730 ‘possibile
835 675 926 717 est'.
1002 678 1101 716 Vult
1139 679 1243 716 enim
1279 678 1444 727 probare
1484 689 1523 716 se

175 739 246 778 deo
284 753 362 777 non
394 740 602 789 indignum
635 751 716 776 esse
747 738 1024 788 mysteriisque
1057 739 1157 787 eius,
1199 750 1300 787 quae
1332 737 1382 776 ad
1412 748 1523 775 sacra

174 799 418 848 pertineant,
456 798 633 837 sufficere
671 798 877 836 cantandis
916 792 1010 850 (R).
1083 793 1354 835 ‘Peruicaces'
1393 798 1525 834 autem

176 859 276 896 dixit
312 861 537 909 prot-eruas,
574 860 782 909 uagantes,
821 860 983 907 propter
1021 856 1297 895 bacchantium
1329 856 1524 894 discursus

176 921 215 956 et
247 918 415 956 saltatus
449 913 670 970 (AF'och

295 985 492 1040 THIADAS]
554 988 728 1026 Bacchas
767 988 867 1025 dixit
905 1001 928 1025 a
966 987 1155 1025 sacrificio
1194 987 1307 1025 uelut
1342 986 1524 1034 theadas3

176 1049 295 1087 theon
336 1050 441 1086 enim
479 1047 625 1086 Graece
663 1047 795 1096 deum,
839 1049 897 1084 ita
936 1049 974 1084 et
1012 1046 1246 1084 sacrificium
1283 1047 1527 1084 uocauerunt

178 1103 194 1159 (
197 1107 235 1146 A
244 1110 281 1145 Γ
284 1105 320 1145 ἀ
327 1109 350 1154 f
360 1108 396 1146 V

302 1174 375 1218 10.
412 1190 592 1221 -VImQVE
623 1173 808 1229 FONTEM]
869 1177 926 1215 Vt
956 1176 1156 1227 Vergilius
1189 1171 1330 1228 (yeory.
1356 1175 1376 1213 Ι
1405 1170 1526 1226 132J):

356 1262 409 1300 Et
440 1261 587 1311 passim
618 1262 715 1299 riuis
748 1261 946 1299 currentia
977 1261 1072 1297 uina
1102 1260 1289 1309 repressit
1321 1253 1451 1312 (As'f

302 1352 376 1396 11.
413 1352 486 1395 1⁶2.
518 1369 653 1399 ATQvn
686 1367 856 1394 TRvas
889 1368 923 1393 L.
952 1351 1007 1406 c.]
1039 1355 1238 1406 Vergilius
1272 1349 1354 1406 (ecl.
1375 1355 1413 1402 4,
1434 1348 1528 1406 30):

357 1440 410 1477 Et
441 1440 560 1478 durae
593 1452 759 1489 quercus
792 1439 990 1477 sudabunt
1020 1439 1175 1477 roscida
1205 1438 1335 1476 mella.

180 1535 273 1573 Ideo
324 1538 456 1573 autem
505 1536 602 1573 haec
651 1547 762 1573 sacra
813 1534 1119 1573 conmemorauit
1165 1534 1302 1582 poeta,
1352 1532 1445 1581 quia
1488 1533 1529 1568 in

182 1596 322 1644 speleis
348 1595 512 1633 Dioniso
539 1595 644 1642 uino,
670 1595 783 1632 melle
812 1596 850 1632 et
874 1594 976 1632 lacte
1002 1592 1296 1631 sacrificabatur
1316 1586 1488 1644 (AF'ocf
1498 1590 1535 1628 V

304 1661 378 1705 12.
412 1678 586 1703 ITERARE
618 1661 772 1716 MELLA]
819 1665 878 1702 Ex
908 1666 1063 1714 integro
1095 1665 1253 1701 cantare
1286 1663 1325 1700 et
1354 1663 1529 1711 repetere

184 1720 248 1776 (em
277 1720 454 1777 Pan-ph),
493 1725 557 1762 uel
595 1727 698 1762 certe
736 1737 897 1762 manare
935 1723 1080 1771 facere,
1118 1725 1188 1761 aut
1217 1723 1360 1760 iterum
1391 1721 1531 1759 tollere

306 1850 380 1893 13.
411 1850 486 1893 14.
522 1866 710 1892 CONIVGIS
736 1866 922 1891 ADDITVM
950 1864 1115 1891 STELLIS
1141 1847 1356 1902 HONOREM]
1388 1850 1531 1888 Ariad-

184 1927 258 1951 nen
302 1917 342 1951 in
386 1914 573 1953 honorem
610 1913 766 1951 Dionisi
807 1915 1072 1951 conmemorat
1110 1913 1212 1949 inter
1249 1911 1378 1949 sidera
1414 1910 1530 1948 collo-

305 2090 324 2119 2
351 2085 443 2118 inm:
475 2085 518 2119 Γ’
528 2086 565 2131 f]
592 2085 784 2119 imminere
797 2085 864 2119 Aa
874 2085 908 2119 V
1000 2087 1019 2117 3
1046 2082 1248 2128 pernitioso
1264 2083 1299 2117 A
1311 2083 1359 2125 F]
1387 2080 1530 2126 pernic:

186 2134 306 2176 ava
431 2136 450 2166 6
478 2131 642 2178 amicitie
668 2133 704 2167 A
831 2135 849 2165 7
877 2142 974 2165 nunc
999 2142 1073 2165 non
1099 2130 1197 2175 sign:
1225 2130 1261 2164 A
1281 2129 1432 2174 Porph]
1458 2139 1533 2162 non

187 2180 286 2226 sign:
314 2191 411 2213 nunc
439 2182 499 2213 Γα
507 2180 530 2222 f
539 2181 618 2224 ch
643 2191 716 2214 non
742 2179 842 2224 sign:
868 2189 943 2212 non
968 2192 989 2212 v
1112 2182 1152 2212 11
1180 2176 1423 2211 bachantium
1449 2176 1484 2210 A

190 2231 232 2262 13
246 2227 385 2262 bachas
400 2227 436 2261 A
534 2230 576 2260 16
590 2227 688 2271 uirg:
707 2227 807 2262 codd.
909 2229 950 2259 18
964 2225 1064 2269 uirg:
1080 2225 1180 2259 codd.
1281 2226 1322 2258 19
1344 2223 1433 2257 dure
1448 2224 1484 2257 A

188 2278 231 2310 20
258 2285 440 2309 conmem:
468 2274 518 2319 A]
540 2284 734 2308 commem:
756 2278 831 2309 cett.
930 2277 973 2307 21
995 2271 1145 2306 dionisii
1165 2285 1188 2305 α
1286 2274 1329 2304 25
1350 2270 1530 2316 adriadne

189 2333 362 2357 coronam
388 2335 408 2366 γ
507 2324 549 2355 26
577 2332 760 2355 conmem:
789 2321 839 2367 A]
867 2330 1064 2355 commem:
1091 2323 1165 2354 cett.
