1664 2563
587 87 730 123 CARM.
752 88 768 121 I
788 91 843 122 35.
865 91 908 122 36
1342 87 1423 127 127

77 200 234 249 polluta
287 201 464 251 piaculo⁷
521 213 622 250 quae
671 200 882 238 uictoriam
930 202 1157 238 mereantur
1207 202 1246 238 et
1295 200 1426 238 omine

78 262 239 298 careant
268 259 429 309 infelici,
461 262 508 298 ut
540 262 599 298 est
631 255 765 313 (Very.
792 259 889 298 Aen.
916 260 972 296 XI
1001 254 1122 312 196):

254 331 437 381 Ipsorum
468 332 612 381 clipeos
645 334 684 369 et
714 344 793 369 non
824 331 956 369 felicia
986 331 1068 368 tela
1100 325 1329 384 (AFochp

196 409 273 454 39.
322 426 540 452 DIFFiNGAS
571 411 777 466 RETvsvm]
836 413 1054 452 contusum
1084 414 1289 462 reforme83
1333 426 1425 451 nam

77 474 180 512 sicut
210 474 355 525 fingere
387 475 556 513 formare
589 474 753 522 dicitur,
794 475 848 512 sic
881 473 1084 524 diffingere
1119 476 1425 512 commassatum

75 534 288 572 reformare
321 528 572 586 (AF(7oc)V

194 590 400 644 RETVSVM]
456 594 578 632 Bellis
611 593 797 631 ciuilibus
829 593 1057 631 hebetatum
1090 587 1237 645 (AFV

610 865 764 904 CARM.
792 866 811 903 Ι
838 867 890 904 36

419 970 492 1025 [AD
525 986 713 1012 NVMIDAM
746 985 925 1011 PLOTIVM
958 968 1011 1025 (A
1024 969 1079 1024 Β]

192 1069 364 1107 Metrum
403 1070 528 1119 primo
567 1081 686 1107 uersu
725 1067 980 1118 Glyconium,
1018 1067 1188 1107 secundo
1221 1068 1422 1118 Asclepia-

75 1129 193 1167 deum
226 1123 375 1181 (RPV

197 1183 239 1227 1.
272 1201 322 1225 ΕΤ
355 1201 460 1227 TVRE
493 1201 543 1225 ET
576 1199 735 1226 FIDIBVS
768 1184 908 1239 IVVAT]
941 1187 987 1225 In
1018 1188 1205 1226 honorem
1231 1187 1425 1237 Pomponi

74 1248 272 1286 Numidae
304 1248 404 1285 hano
438 1248 536 1286 oden
569 1247 717 1295 scribit,
748 1260 819 1296 pro
853 1248 966 1285 cuius
999 1248 1128 1285 salute
1161 1260 1205 1285 ex
1228 1247 1424 1297 Hispania

74 1308 225 1345 reuersi
255 1309 352 1345 uota
383 1307 578 1356 persoluit
602 1307 878 1355 laetitiamque
904 1307 1184 1345 conuiuiorum
1210 1320 1279 1356 per
1305 1308 1423 1345 sacri-

74 1367 163 1404 ficia
193 1378 233 1404 se
267 1366 446 1404 exhibere
479 1368 759 1405 commemorat
791 1361 1025 1419 (Asochf.
1047 1367 1184 1414 Porph.

193 1437 354 1464 FIDIBVS
403 1422 544 1477 IVVAT]
606 1426 802 1464 Fidicines
853 1425 1054 1464 sacrificiis
1106 1426 1283 1463 adhiberi
1334 1439 1423 1465 con-

74 1488 287 1523 sueuerant
323 1480 386 1538 (ex
411 1480 582 1538 Pomm),
614 1488 660 1523 ut
690 1485 891 1536 Vergilius
924 1480 1064 1538 (yeory.
1091 1485 1131 1523 ΙΙ
1160 1481 1280 1533 193);

252 1557 415 1595 Inflauit
446 1569 536 1594 oum
562 1558 723 1608 pinguis
750 1557 847 1594 ebur
866 1557 1065 1606 Tyrrenus
1093 1557 1142 1595 ad
1169 1570 1256 1596 aras
1278 1551 1428 1610 (AFV

196 1635 239 1679 2.
272 1637 477 1691 PLACARE]
518 1640 593 1678 Hic
626 1653 703 1679 non
734 1642 838 1678 irata
871 1643 942 1678 aut
971 1641 1155 1691 mitigare
1187 1643 1259 1678 aut
1289 1654 1423 1679 recon-

74 1700 211 1737 ciliare
248 1701 413 1737 numina
449 1701 603 1749 posuit,
647 1700 713 1738 sed
750 1713 821 1749 pro
860 1702 932 1738 aut
964 1697 1115 1751 ‘grates
1153 1697 1318 1738 referre’
1352 1704 1423 1738 aut

77 1755 196 1797 ‘uota
226 1755 491 1808 persoluere'3
521 1760 687 1808 propitii
719 1761 823 1797 enim
855 1760 911 1796 dii
934 1760 1181 1797 ⁴reduxerant
1206 1760 1422 1798 Numidam

74 1819 262 1868 sospitem
294 1813 351 1870 (A
360 1820 397 1855 Γ
407 1819 444 1857 V
458 1830 556 1857 cons.
577 1819 715 1866 Porph.

192 1889 392 1916 SANGVINE
418 1874 589 1929 DEBrro]
624 1878 733 1916 Idest
752 1879 857 1916 uotis
883 1879 1063 1927 peractis.
1120 1879 1298 1917 Debetur
1318 1880 1422 1917 enim

75 1937 219 1984 hostia,
251 1937 346 1974 dum
378 1939 484 1975 uotis
517 1938 710 1987 susceptis
742 1938 992 1986 promittitur
1023 1932 1126 1989 (AF
1136 1939 1172 1976 V

170 2066 187 2096 1
215 2072 286 2108 que
306 2062 390 2108 oeV]
411 2072 507 2108 quae
526 2063 562 2097 A
588 2073 659 2107 que
680 2076 700 2107 y
727 2064 764 2097 et
790 2075 813 2105 q
832 2074 851 2096 r
949 2066 968 2096 3
996 2062 1134 2107 clipeos
1154 2064 1187 2110 c]
1209 2063 1376 2109 clippeus
1394 2066 1427 2099 V

74 2108 214 2153 clipeus
240 2114 314 2145 cett.
414 2113 436 2143 4
462 2109 656 2144 confusum
675 2110 775 2146 codd.
804 2110 1000 2144 'contusum
1018 2111 1100 2146 edit.
1200 2116 1220 2146 5
1242 2123 1420 2147 commas-

74 2158 196 2191 satum
222 2157 258 2203 y]
285 2168 444 2192 comass:
472 2172 496 2191 α
535 2168 658 2192 comas
685 2159 807 2192 satum
834 2159 870 2192 A
905 2160 1192 2202 conquassatum
1226 2161 1286 2204 Vp
1312 2171 1422 2204 quas-

74 2205 196 2238 satum
214 2216 233 2240 c
331 2208 348 2238 7
370 2205 589 2240 hebetatum
608 2206 701 2251 ΑΓ]
722 2206 878 2249 0⁷72.ch
975 2208 994 2239 9
1014 2205 1230 2241 PLOTWM
1249 2219 1315 2243 om.
1312 2173 1373 2243 qB

77 2253 118 2284 10
145 2251 235 2296 glic:
262 2252 362 2288 codd.
379 2257 525 2297 praeter
544 2253 580 2287 B
678 2252 860 2288 secundus
887 2252 1136 2298 asclipiadeus
1157 2256 1193 2289 B
1293 2259 1334 2289 12
1355 2255 1421 2290 ho-

74 2307 162 2333 nore
181 2312 205 2333 oc
304 2303 346 2334 13
372 2300 586 2345 hispaniam
605 2302 641 2335 A
741 2304 781 2334 17
802 2301 894 2345 uerg}
912 2301 963 2347 A]
989 2301 1089 2346 uirg:
1116 2306 1191 2337 cett.
1293 2307 1334 2337 18
1354 2303 1422 2338 tir-

74 2355 182 2379 renus
208 2348 243 2381 A
340 2351 384 2381 20
414 2350 470 2383 set
495 2362 515 2392 γ
614 2352 655 2382 21
684 2347 844 2392 propicii
868 2348 904 2383 A

1452 1073 1496 1103 10

1451 1369 1495 1400 15

1449 1701 1495 1732 ‘20
