1664 2563
673 106 810 142 EPOD.
829 111 849 142 5
1349 107 1434 149 401

204 231 382 258 sonv'rvs
408 231 600 258 AMBVLAT
627 215 931 270 VENEFIC<A>E]
981 218 1191 257 Actionem
1216 232 1330 257 suam
1356 232 1436 257 cre-

84 279 145 318 dit
175 281 340 317 inuenta
372 279 545 317 doctiore
576 278 751 317 uenefica
783 281 1009 328 superatam
1042 272 1146 330 (AV

206 333 281 377 73.
336 349 418 376 NON
455 349 656 386 vserris,
700 349 824 386 VARE,
868 333 1130 388 Porromssvs]
1191 336 1253 374 Ab
1293 338 1436 375 amoris

83 399 145 436 sui
186 398 358 435 uinculis
390 397 543 434 Varum
575 397 674 434 dicit
705 397 819 435 nouis
852 399 892 434 et
921 398 1075 446 magnis
1107 396 1336 446 potionibus
1370 397 1436 434 ab·

84 457 261 496 solutum
294 452 398 509 (AV
1487 463 1509 493 5

205 511 281 554 74.
318 527 342 553 ο
368 527 506 554 MVLTA
532 527 749 553 FLETVRVM
777 510 927 565 CAPVT]
978 515 1200 563 Tamquam
1226 514 1438 552 aduersum

83 588 205 626 quem
232 575 395 626 aggredi
421 575 717 612 uehementiora
743 574 940 623 disponat,
971 575 1030 611 ita
1055 576 1102 611 ut
1128 574 1279 612 alienus
1305 576 1436 611 mente

83 635 284 673 uoluntati
317 629 403 687 (leq.
428 628 656 686 uoluntate)
691 635 775 671 eius
808 633 921 671 uelut
948 634 1102 671 nescius
1128 633 1311 682 rapiatur
1337 627 1443 685 (AV

206 689 281 732 76.
332 689 523 743 VOCIBVS]
580 692 924 730 Incantationibus
958 687 1108 744 (APV

206 748 281 791 78.
320 764 579 789 FASTIDIENTI
610 747 821 802 POCVLVM]
877 751 933 788 Vt
959 752 1080 788 etiam
1106 750 1167 789 uis
1192 751 1328 800 poculi
1353 763 1436 789 car·
1465 757 1509 788 10

82 812 255 850 minibus
289 811 499 850 adderetur
531 806 636 863 (AV

206 866 282 909 79.
341 883 503 909 CAELVM
548 881 667 907 SIDET
711 880 897 907 INFERIVS
940 865 1059 919 MARI]
1121 869 1243 916 Ante,
1292 868 1438 918 inquit,

82 931 180 980 ipsis
226 930 428 967 elementis
469 942 603 967 rerum
640 931 785 967 natura
821 927 1061 976 mutabitur,
1106 941 1226 976 quam
1264 940 1342 965 non
1379 929 1438 966 ita

83 989 215 1028 Varus
248 1001 379 1028 amore
404 1001 491 1026 meo
518 988 666 1036 ardeat,
698 988 744 1025 ut
768 988 854 1038 igni
879 987 1054 1025 bitumen
1085 988 1312 1036 appositum
1339 981 1440 1039 (AV

205 1043 281 1087 83.
337 1060 410 1085 IAM
442 1059 534 1096 NON,
565 1060 618 1086 v'r
650 1043 776 1098 ANTE]
837 1046 894 1084 Vt
924 1048 990 1084 cui
1021 1046 1183 1084 adderet
1214 1046 1436 1094 desperatio
1465 1052 1508 1083 15

82 1108 308 1146 libertatem
341 1101 446 1159 (AV

201 1162 424 1216 MOLLIBvs]
480 1165 645 1203 Blandis
678 1159 783 1216 (AV

204 1221 281 1264 86.
332 1235 568 1262 THYESTEAS
607 1220 782 1274 Pnncns]
844 1222 972 1261 Diras.
1036 1222 1089 1260 Et
1125 1222 1225 1260 tales
1263 1221 1436 1260 infossus

83 1296 200 1334 puer,
238 1286 314 1333 ait,
350 1296 483 1333 preces
517 1279 705 1333 c<o>epit
736 1282 952 1330 effundere,
985 1282 1122 1330 quales
1154 1283 1195 1318 in
1221 1281 1436 1331 tragoediis

83 1344 289 1381 inducitur
321 1343 498 1381 Thiestes
537 1342 704 1392 cognitis
736 1341 809 1379 filii
840 1341 1024 1379 membris
1056 1342 1098 1378 in
1129 1340 1297 1378 Atreum
1328 1341 1437 1378 locu-
1463 1347 1522 1378 20⁷

84 1406 150 1440 tus
183 1397 289 1454 (AV
309 1413 409 1440 cons.
436 1402 576 1449 Porph.
603 1404 637 1439 et
660 1402 698 1438 Γ

206 1457 282 1500 87.
317 1456 394 1499 88.
426 1472 599 1499 MAGNVM
631 1471 706 1497 FAs
738 1455 970 1510 NEFASQVE]
1025 1458 1106 1496 Lex
1133 1458 1237 1495 enim
1261 1458 1438 1496 humana

83 1521 204 1559 habet
240 1521 355 1559 malis
395 1533 579 1570 poenam,
622 1520 735 1557 bonis
773 1519 951 1568 praemia
987 1517 1229 1568 pollicenda,
1274 1519 1313 1554 et
1349 1517 1436 1555 ideo

84 1581 219 1618 furens
245 1593 344 1629 puer
370 1579 466 1617 dicit
491 1579 563 1617 hoc
584 1591 648 1617 eas
669 1578 909 1616 carminibus
929 1580 1085 1615 mutare
1105 1589 1183 1615 non
1202 1586 1317 1626 posse
1338 1571 1443 1628 (AV

205 1635 282 1678 89.
315 1650 422 1676 nnus
455 1650 570 1676 AGAM
602 1633 697 1688 vos]
754 1637 960 1674 Promittit
991 1649 1030 1674 se
1061 1636 1103 1673 in
1129 1648 1193 1674 eas
1218 1637 1310 1685 post
1335 1648 1436 1673 mor-
1463 1642 1508 1673 25

85 1700 166 1736 tem
198 1699 460 1747 saeuiturum,
491 1699 538 1735 ut
571 1692 709 1750 (Vergy.
734 1695 833 1735 Aen.
859 1696 942 1732 ΠΠ
969 1690 1092 1747 386):

300 1779 493 1819 Omnibus
525 1781 667 1818 umbra
699 1780 795 1817 locis
829 1779 946 1817 adero
981 1773 1085 1823 (AV

205 1869 284 1913 94.
336 1886 442 1916 QVAE
474 1886 537 1912 VIs
569 1886 737 1911 DEORVM
769 1884 928 1910 MANJVM
960 1868 1054 1922 Esr]
1110 1871 1165 1908 Vt
1196 1872 1346 1910 faciant
1377 1872 1435 1908 in-

85 1946 240 1972 somnes
272 1934 337 1971 uel
368 1934 484 1971 malis
517 1933 718 1983 gaudeant
749 1927 855 1984 (AV

205 1988 283 2030 97.
333 2003 409 2029 vos
442 2004 575 2029 TVRBA
606 1987 794 2041 VICATIM]
851 1990 1065 2027 Missurum
1097 2001 1137 2027 se
1168 1989 1314 2039 populo
1346 2001 1434 2038 pro·
1463 1996 1510 2027 30

84 2052 212 2090 mittit
242 2051 426 2098 furorem,
458 2053 504 2088 ut
535 2063 581 2088 ex
612 2049 794 2088 omnibus
826 2050 926 2086 uicis
958 2049 1075 2086 turba
1107 2060 1338 2086 concurrens
1371 2060 1435 2086 eas

84 2112 189 2149 saxis
222 2110 366 2148 obruat
397 2121 468 2158 pro
500 2110 695 2147 factorum
727 2109 889 2146 crimine
923 2102 1026 2160 (AV

205 2262 224 2292 2
252 2259 465 2302 superatam
486 2257 552 2302 K]
579 2257 731 2300 spuerat
750 2260 771 2290 a
791 2256 828 2290 A
854 2256 1016 2300 spretam
1043 2255 1123 2299 ch
1149 2255 1335 2289 incassum
1356 2263 1435 2287 esse

88 2304 286 2340 Fabricius
335 2308 355 2339 8
370 2304 484 2339 em.K.
537 2303 775 2338 20thiestisA
826 2313 870 2337 ex
883 2302 988 2337 filiiA
1038 2303 1077 2337 in
1091 2302 1228 2347 azle]
1237 2313 1302 2336 om.
1315 2302 1388 2344 ch

87 2355 131 2385 23
157 2363 316 2396 poenam
327 2353 377 2397 V]
397 2362 533 2398 penam
547 2351 614 2395 Ap
638 2361 775 2395 penam
800 2361 818 2385 c
916 2353 959 2384 28
985 2349 1151 2384 manium
1177 2350 1234 2383 est
1253 2348 1288 2382 A
1308 2348 1443 2382 m.e.V

158 2417 401 2443 Psnvnncnoms
422 2422 560 2443 scnomA
580 2423 613 2441 m
633 2416 820 2441 Hormnvnt.
1178 2411 1221 2441 26
