1664 2563
622 78 767 114 CARM.
787 79 853 113 ΠΠ
876 82 908 114 9.
932 83 974 114 10
1384 79 1471 121 359

247 187 324 231 42.
374 203 536 229 REIECIT
569 188 694 243 ALTO]
750 192 950 240 Prudenti,
981 192 1176 241 profundo
1209 186 1311 244 (AV

244 247 498 302 NOCENTIVM]
535 251 752 289 Noxiorum
778 254 817 289 et
843 264 1088 301 corrumpere
1108 251 1255 289 iudicia
1273 253 1465 301 temptan-

127 313 211 348 tum
262 309 347 348 AV

243 306 323 409 514.
356 369 627 418 *Metaphora
684 370 787 407 Nam
821 383 929 408 arma
959 371 1022 408 hic
1053 371 1157 409 ratio
1184 371 1375 419 accipitur
1401 374 1469 408 aut

124 430 251 467 uirtus
284 429 404 466 animi
438 424 518 481 (Pb
1519 436 1539 467 5

240 485 408 539 VICTOR]
459 488 532 526 Vel
565 488 792 537 cupiditatis
826 489 887 526 uel
918 489 1103 538 hostium,
1135 490 1314 538 quotiens
1347 502 1467 527 emer-

118 549 174 586 sit
224 547 308 586 AV

206 543 316 646 (45.
349 619 429 645 NON
461 618 742 644 POSSIDENTEM
774 603 931 659 MVLTA]
986 607 1093 646 Idest
1124 621 1201 646 non
1232 608 1335 646 recte
1368 607 1466 645 diui—

123 668 201 705 tem
238 667 397 705 beatum
435 668 585 714 uocari,
630 666 696 704 sed
733 667 847 704 illum
883 668 1026 705 rectius
1064 667 1222 705 beatum
1261 667 1355 716 dici⁷
1399 668 1468 717 qui

121 726 355 765 felicitatem
393 726 616 764 moderetur
655 729 692 764 et
730 739 807 764 non
839 726 982 764 habeat
1013 727 1268 765 execrabilem
1299 739 1465 776 pauper·
1494 734 1538 765 10

117 787 245 824 tatem
277 787 442 835 plusque
474 786 614 823 timeat
644 787 769 823 morte
801 787 1004 835 peccatum
1036 781 1093 838 (A
1104 787 1140 823 V

240 839 317 884 46.
369 841 574 896 OCCVPAT]
632 844 715 882 Sibi
747 845 924 883 uindicat
956 840 1060 898 (AV

240 899 316 944 49.
369 900 545 955 CALLET]
600 904 724 942 Nouit
756 899 860 956 (AV

621 1176 776 1216 CARM.
802 1178 885 1216 IIII
914 1180 966 1216 10

347 1281 611 1336 [MONOCOLOS
643 1297 810 1323 METRVM
844 1296 1123 1323 CORIAMBIOVM
1155 1280 1229 1337 (A]
1489 1293 1532 1325 15

234 1392 402 1418 METRVM
448 1390 677 1417 SAPPHICVM
715 1390 1094 1418 EXDEOASYLLABVM
1134 1391 1222 1418 SIVE
1262 1392 1461 1418 CHORIAM-

114 1451 257 1487 mcvm,
303 1450 413 1482 (που
459 1450 641 1476 CONSTAT
687 1449 888 1486 SPONDEQ
933 1451 1075 1477 TRIBvs
1121 1451 1368 1478 CHORrAMBIs
1411 1454 1461 1478 Er

116 1510 338 1536 PYRRICHIO
372 1493 545 1551 (ABFb

237 1553 278 1597 1.
312 1569 336 1595 0
370 1568 568 1596 CRVDELIS
601 1569 738 1595 ADHVO
765 1570 816 1594 ET
842 1569 1014 1596 VENERIS
1039 1570 1270 1598 MVNEMBVS
1295 1555 1351 1611 R]
1406 1559 1462 1597 Vt

110 1612 250 1670 (Vera.
276 1618 338 1656 ecl.
366 1619 403 1666 2,
432 1612 494 1670 6);
1486 1626 1531 1658 20

327 1675 359 1715 O
393 1677 559 1715 crudelis
591 1677 718 1724 Alexi,

110 1748 337 1799 significans
371 1749 514 1786 amoris
547 1748 762 1797 querellam
794 1742 897 1800 (AV
910 1747 1022 1795 paul.
1048 1750 1133 1786 Se'm.
1158 1749 1296 1796 Porple.

231 1818 402 1845 VENERIS
434 1803 494 1858 M]
551 1807 847 1844 Pulchritudine
880 1801 983 1859 (AV

234 1862 278 1905 2.
320 1879 371 1905 ΕΤ
403 1862 611 1917 PLVM[M]A
643 1862 885 1916 SVPERBIAE]
935 1866 1115 1903 Plumam
1146 1879 1217 1916 pro
1250 1867 1372 1905 barba
1398 1869 1457 1906 in-

108 1927 281 1975 cipiente
312 1926 446 1974 posuit
478 1921 579 1977 (AV
602 1937 646 1963 ex
670 1925 808 1972 Por-ph.
1482 1935 1528 1966 -25

231 2055 250 2085 2
276 2050 413 2085 iuditia
432 2051 480 2092 A,
499 2050 632 2085 recteV
721 2049 955 2096 teptantfiV]
974 2051 1122 2095 teptatfi
1141 2052 1177 2086 A
1297 2056 1318 2086 4
1339 2055 1456 2087 meta-

109 2099 192 2134 fora
218 2113 238 2143 γ
351 2102 370 2132 6
398 2097 547 2132 emersit
572 2097 623 2142 A]
651 2097 840 2131 emerserit
868 2098 945 2141 ch
1053 2101 1072 2132 9
1101 2098 1175 2133 diei
1201 2099 1353 2134 beatum
1381 2101 1415 2135 V

114 2151 154 2181 11
188 2146 322 2181 timeat
352 2146 416 2191 cp]
448 2145 557 2179 timet
582 2145 662 2179 AV
802 2148 843 2178 16
877 2144 1071 2189 saphicum
1096 2147 1159 2181 Br
1197 2146 1408 2191 safphicum
1434 2161 1454 2192 γ

111 2194 280 2228 safficum
305 2194 369 2228 Ab
475 2191 799 2235 exdecasyllabum
826 2192 877 2237 B]
904 2192 1219 2228 exdecasillabum
1245 2195 1323 2229 ΑΓ
1344 2195 1454 2229 ende-

110 2241 343 2286 casyllabum
368 2242 388 2275 b
423 2239 775 2283 hendecasyllabum
801 2240 987 2275 Kurschat
1125 2245 1167 2275 18
1193 2241 1382 2286 pyrrichio
1408 2243 1453 2277 rb

111 2293 152 2323 ut
175 2289 268 2334 uid]
294 2288 472 2333 pirrichio
497 2291 572 2322 cett.
671 2290 714 2320 22
742 2287 946 2333 querellam
962 2288 998 2322 A
1024 2288 1166 2332 {relam
1182 2290 1217 2324 V
1308 2293 1350 2323 '23
1371 2289 1454 2334 pul—

110 2336 294 2371 critudine
322 2337 356 2371 V
447 2339 491 2369 24
517 2334 645 2379 pli-lma
669 2334 704 2369 A
