1664 2563
654 109 797 145 CARM.
813 110 864 144 ΠΙ
882 113 924 144 21
1379 109 1465 151 293

234 217 309 262 18.
343 220 448 260 Ordo
482 224 557 260 est:
590 223 629 260 et
662 222 774 259 addis
805 223 972 272 pauperi
1003 234 1150 260 cornua
1181 223 1221 259 et
1246 222 1349 259 uires
1375 224 1466 271 post

110 284 150 320 te
194 294 264 319 nec
307 282 493 319 trementi
536 282 658 319 iratos
704 282 833 331 apices
874 294 1012 331 regum
1049 293 1174 330 neque
1214 293 1324 318 arma
1362 281 1464 319 mili-

109 343 195 378 tum
228 335 309 393 (Pb
326 340 362 378 V

228 424 281 448 ΕΤ
318 422 442 448 ADDIS
483 423 646 450 CORNVA
683 407 878 462 PAVPERI]
936 410 1169 460 Superbiam
1204 411 1270 448 uel
1307 410 1463 448 temeri-

109 472 254 518 tatem,
287 483 406 519 quam
438 472 530 508 uino
563 470 649 508 fieri
680 484 750 520 per
780 471 1015 508 uiolentiam
1048 469 1195 508 cerebri
1225 470 1316 507 uult
1346 469 1464 507 intel·
1516 480 1537 511 5

109 530 189 580 legi
223 525 326 582 (AF
336 530 373 567 V
395 541 438 567 ex
463 530 603 577 Por-ph.

232 595 307 639 19.
363 612 510 639 mATos
544 597 768 652 TREMENTIJ
833 601 988 650 Pauper
1020 583 1165 650 frigore
1197 602 1387 648 tremens3
1427 603 1466 638 et

110 659 285 698 ostendit
334 661 554 709 superiores
600 663 639 698 et
682 660 833 698 nobiles
878 659 926 697 ab
970 659 1221 697 inferioribus
1266 660 1467 698 contemni

108 731 179 768 per
209 720 349 756 uinum
381 713 535 771 (AFV

229 785 306 829 22.
340 788 444 827 Ordo
478 792 553 828 est:
587 792 625 828 et
656 789 785 838 Liber,
818 793 857 827 et
889 791 922 828 si
955 789 1082 828 aderit
1114 789 1220 827 alma
1245 789 1392 837 Venus,
1425 791 1464 827 et
1491 798 1535 829 10

109 848 269 887 Gratiae
314 861 450 899 segnes
492 850 643 887 soluere
680 849 827 887 nodum
867 851 906 886 et
942 849 1059 886 uiuae
1099 849 1280 886 lucernae
1318 848 1463 898 produ—

108 910 198 946 cent
235 911 291 956 te,
331 908 424 945 dum
456 908 636 946 Phoebus
674 908 827 946 rediens
866 909 982 958 fugat
1014 910 1121 946 astra
1153 903 1304 959 (RVep
1330 909 1414 945 sim.
1443 907 1464 945 b

227 991 370 1017 NODVM
404 991 586 1017 SOLVERE
614 976 812 1030 GRATIAE]
863 980 948 1017 Hoc
976 981 1051 1017 est:
1085 992 1185 1027 quae
1210 979 1358 1016 nodum
1384 991 1462 1017 non

109 1039 284 1087 soluant,
317 1051 397 1088 quo
429 1051 597 1077 conexae
631 1041 732 1077 sunt.
796 1038 1012 1088 Propterea
1045 1040 1178 1076 autem
1208 1038 1282 1076 hoc
1314 1038 1464 1075 dictum

108 1100 184 1146 est,
222 1099 336 1147 quia,
375 1099 442 1147 qui
479 1098 558 1136 fida
596 1099 701 1136 inter
739 1110 778 1136 se
812 1099 941 1148 gratia
972 1099 1209 1147 iunguntur,
1247 1109 1464 1146 numquam
1493 1106 1535 1137 15

107 1158 364 1195 resoluuntur
401 1158 450 1195 ab
490 1158 689 1195 amicitiae
726 1157 819 1206 fide3
858 1157 964 1195 unde
1003 1158 1123 1195 etiam
1160 1158 1270 1206 ipsae
1304 1155 1465 1194 Gratiae

109 1218 330 1254 coniunctis
363 1229 495 1255 secum
527 1217 711 1254 manibus
742 1216 949 1267 finguntur
981 1211 1133 1268 (AFV

228 1283 305 1327 23.
350 1300 473 1326 VIVAE
513 1284 746 1338 LVCERNAE]
805 1287 852 1324 In
890 1288 1018 1325 iucem
1051 1299 1090 1325 se
1122 1300 1192 1336 per
1223 1288 1396 1337 gratiam
1428 1289 1467 1325 et

108 1348 307 1385 laetitiam
346 1347 544 1397 significat
582 1350 880 1396 protracturum
912 1358 994 1385 esse
1027 1347 1258 1385 conuiuium
1291 1341 1471 1398 (AFbV

107 1418 151 1444 ex
178 1406 318 1454 Porph.
1494 1411 1539 1442 20

231 1471 307 1515 24.
339 1488 475 1515 FVGAT
506 1488 639 1514 ASTRA
670 1473 878 1528 PHOEBVS]
919 1477 975 1514 Vt
995 1471 1320 1529 (Ve›·9.Aen.III
1341 1471 1466 1529 521)2

324 1559 460 1598 Stellis
492 1560 651 1598 Aurora
682 1561 834 1610 fugatis
868 1554 997 1602 (AFb

229 1689 246 1718 1
273 1696 340 1729 pos
366 1686 403 1718 te
430 1696 448 1719 r
473 1682 508 1729 p'
536 1686 574 1719 te
602 1686 636 1719 V
770 1688 789 1718 5
816 1684 1038 1719 uiolentiam
1064 1685 1160 1728 Ayp
1180 1683 1333 1729 Porph]
1359 1683 1466 1718 uino-

107 1731 267 1766 lentiam
291 1733 355 1767 rV
373 1731 620 1766 uiolationem
646 1732 728 1767 edit.
865 1734 885 1766 8
913 1731 1121 1776 superioras
1149 1732 1185 1765 A
1286 1731 1387 1765 {teni
1413 1732 1465 1777 A]

108 1779 323 1823 contempni
350 1780 430 1814 FV
573 1782 614 1813 10
642 1781 698 1813 est
724 1779 815 1824 ybc]
836 1780 1000 1823 om.er
1148 1782 1189 1812 12
1218 1777 1322 1824 dum]
1347 1789 1467 1823 usque

108 1827 197 1860 dum
223 1827 243 1861 b
341 1826 532 1871 fugauerit
557 1827 577 1861 b
719 1830 762 1860 14
788 1826 938 1860 soluant
962 1826 1086 1871 erp]
1114 1825 1307 1860 soluantur
1331 1826 1367 1860 A
1394 1825 1466 1860 sol-

106 1886 219 1943 uitur
250 1923 270 1953 γ
417 1919 578 1943 conexae
610 1909 700 1954 ΑΓ]
733 1919 826 1942 nexe
855 1909 889 1943 V
1055 1911 1096 1942 15
1129 1919 1332 1952 numquam
1370 1910 1466 1955 FV]

106 1967 299 2000 nunquam
325 1957 418 2000 Acp
565 1959 607 1990 16
634 1956 800 1990 amicitie
827 1957 863 1990 A
990 1956 1070 2000 ipse
1095 1957 1131 1990 A
1279 1959 1319 1990 17
1346 1956 1466 2001 figun-

107 2005 168 2037 tur
193 2004 258 2048 Ay
359 2007 399 2037 19
427 2003 591 2038 letitiam
617 2004 653 2038 A
751 2006 794 2036 21
822 2002 968 2050 phebus
995 2004 1030 2037 A
