1664 2563
650 79 794 114 CARM.
810 80 827 113 Ι
848 83 889 113 17
1391 80 1445 121 79

218 188 294 232 20.
332 205 595 236 VITREAMQVE
629 188 794 242 CIRCEN]
856 191 939 230 Aut
969 192 1175 241 pulchram
1207 194 1275 229 aut
1308 205 1445 241 procu-

95 254 184 291 rato
216 253 410 290 lucentem
441 254 568 290 nitore
600 254 670 289 aut
700 253 802 290 mari
832 251 1004 289 uicinam
1037 246 1205 303 (AFap
1223 263 1323 289 cons.
1344 264 1362 289 c

217 306 294 350 21.
344 323 586 349 mxocnxms
624 323 785 349 POCVLA
822 307 972 361 Lsssssn]
1034 310 1152 348 Lenis
1190 312 1275 348 uini
1312 310 1444 349 Lesbii

97 365 216 423 (cons.
241 366 413 423 Porph.),
445 383 468 408 a
499 372 598 419 loeo,
629 372 674 407 ut
704 370 904 421 Vergilius
938 365 1079 422 (yeory.
1105 370 1145 407 Π
1173 365 1265 423 90):

280 493 282 496 ,
309 453 435 498 Quam
466 454 717 503 Methymneo
750 453 878 503 carpit
909 453 955 491 de
986 453 1150 502 palmite
1183 453 1329 491 Lesbos

96 543 153 601 <A
162 550 226 586 Γα
239 549 407 597 paulum
432 561 532 587 cons.
552 560 608 596 cp

215 603 290 647 22.
340 620 419 646 NEC
459 604 698 658 smOELmv-s]
762 608 1066 646 Matronimicon
1106 604 1213 659 [est]
1279 608 1441 656 Thyone

96 669 227 705 autem
253 670 380 705 mater
400 667 570 706 Semeles
597 668 703 705 dicta
729 669 799 715 est,
830 668 968 705 matris
988 667 1121 705 Liberi
1145 669 1281 716 patris.
1333 668 1442 705 Dicit

95 739 186 777 ergo
223 740 293 776 per
329 728 466 764 uinum
503 728 629 764 rixam
666 728 770 767 inter
801 739 840 764 se
873 740 950 764 non
982 727 1158 764 futuram
1191 722 1320 779 (ΑΓα
1341 739 1440 765 cons.

94 797 149 833 cp
168 786 308 834 Porph.

215 841 289 884 23.
333 841 564 896 THYoxEvs]
628 845 722 882 Fuit
754 848 792 882 et
824 845 1032 894 Thyoneus
1064 844 1196 882 Liberi
1226 845 1342 893 filius,
1374 847 1442 894 qui

93 906 135 942 in
180 904 276 943 Chio
320 905 449 942 insula
491 907 692 955 regnauit,
735 906 848 954 pater
892 905 1100 952 Thoantis,
1144 904 1282 941 Lemni
1325 906 1442 955 regis,

94 966 203 1002 ouius
228 964 313 1002 filia
338 965 416 1002 fuit
439 964 649 1014 Hipsipile,
682 976 793 1013 quae,
826 965 1095 1001 coniuratione
1123 964 1308 1002 aduersus
1334 966 1441 1002 uiros

93 1024 216 1072 facta,
261 1024 346 1062 sola
381 1025 536 1073 patrem
574 1025 764 1071 seruauit,
810 1036 929 1072 quam
960 1023 1136 1061 fabulam
1169 1023 1320 1061 Statius
1352 1036 1440 1061 nar-

91 1085 199 1121 rauit
228 1085 270 1120 in
303 1084 473 1121 carmine
506 1077 640 1135 (leeb.
660 1083 697 1118 V
725 1083 808 1120 240
824 1077 925 1135 sqq.)
960 1077 1091 1135 (AFoc
1110 1094 1210 1120 cons.
1231 1094 1285 1130 cp

213 1138 290 1181 25.
324 1154 530 1180 SVSPECTA
563 1138 716 1193 CYRVM]
774 1142 949 1179 Alterius
983 1144 1170 1180 amatoris
1203 1142 1440 1180 uocabulum

92 1202 163 1240 sub
195 1202 486 1251 uituperatione
518 1203 753 1240 memorauit
785 1196 914 1253 (ΑΓα
933 1213 1033 1239 cons.
1053 1213 1109 1249 cp

211 1257 392 1311 DISPARI]
455 1261 501 1298 In
540 1273 714 1299 amorem
750 1273 829 1298 non
861 1262 1121 1298 consentienti
1153 1256 1320 1312 (AFccp
1340 1272 1438 1298 cons.

92 1332 111 1358 c
135 1321 274 1368 Porplz.

213 1375 289 1418 26.
322 1375 663 1430 ΙΧΟΟΝΤΙΧΕΝΤΕΞ]
697 1378 936 1427 Petulantes,
970 1379 1019 1417 ad
1050 1379 1262 1417 laesionem
1294 1380 1358 1417 uel
1389 1379 1439 1417 ad

92 1439 237 1476 damna
267 1439 483 1487 promptas,
515 1438 620 1487 quod
644 1452 715 1487 per
741 1440 885 1476 amoris
912 1439 1082 1476 furorem
1110 1438 1271 1487 quidam
1295 1439 1439 1476 habere

94 1499 221 1536 solent
252 1493 356 1538 (ΑΓ
370 1509 467 1535 cons.
491 1510 575 1545 ocp

214 1553 290 1596 27.
340 1554 643 1607 Η<Α>ΕΗΕΝΤΕΜ
690 1553 900 1608 CORONAM]
963 1556 1038 1595 Pro
1078 1560 1219 1595 ornatu
1255 1557 1438 1595 muliebri

89 1618 234 1667 posuit,
266 1619 310 1654 ut
340 1617 538 1667 Vergilius
571 1611 687 1668 (Aen.
714 1616 733 1653 Ι
760 1612 882 1669 655):

303 1700 511 1749 Duplioem
537 1701 700 1750 gemmis
728 1713 900 1749 auroque
927 1712 1109 1737 coronam
1137 1694 1436 1752 (AFcccons.cp

210 1839 229 1869 2
245 1838 293 1870 au
307 1837 365 1880 (ε
381 1837 519 1881 autem)
545 1836 684 1871 mariA
780 1840 801 1870 4
815 1838 858 1870 ut
872 1857 915 1861 —
930 1836 1051 1870 lesbos
1066 1847 1130 1871 om.
1140 1847 1158 1870 c
1229 1836 1323 1881 uei-<⁹3
1336 1836 1388 1882 A]

89 1883 183 1928 uix-g.
205 1894 223 1917 c
329 1888 348 1918 5
375 1884 601 1918 methimneo
628 1886 664 1919 A
762 1888 780 1918 7
808 1884 1092 1918 matronimjeon
1118 1884 1170 1929 A]
1196 1884 1436 1918 matronomi-

90 1941 174 1964 cum
196 1942 240 1966 rc
264 1931 558 1966 matronomicon
577 1945 630 1976 γα
656 1932 922 1966 matronomieo
938 1943 967 1975 p
1064 1932 1120 1966 est
1139 1942 1187 1975 cp
1206 1932 1388 1966 om.AFoc

87 1977 218 2012 thjone
238 1990 294 2023 ap
318 1980 430 2023 tyone
451 1990 468 2013 e
493 1979 595 2013 tione
614 1980 650 2014 A
675 1981 787 2026 tyone
808 1991 826 2014 r
851 1979 971 2013 tirone
992 1993 1012 2023 γ
1100 1983 1141 2012 11
1162 1979 1335 2013 thioneus
1350 1980 1386 2013 A

88 2025 262 2060 thioneus
288 2027 342 2069 A,
368 2031 458 2062 recte
482 2039 502 2062 r
623 2030 666 2061 13
692 2026 871 2071 hipsipile
896 2027 947 2072 A]
974 2026 1152 2070 ipsiphile
1177 2038 1197 2061 r
1233 2026 1384 2071 lipsifile
1411 2040 1434 2060 α

90 2072 269 2117 hisiphile
295 2087 316 2118 γ
440 2077 481 2108 21
511 2074 647 2108 damna
673 2075 808 2120 Aycp]
835 2074 999 2118 dampna
1024 2085 1074 2109 roc
1195 2077 1240 2108 24
1265 2075 1358 2119 uergr
1383 2075 1433 2120 A]

87 2120 188 2165 uirg:
215 2125 289 2156 cett.

1470 792 1514 823 10

1469 1089 1511 1119 15

1466 1385 1510 1417 ‘20

1464 1704 1507 1735 25
