1664 2563
238 61 322 102 140
677 60 927 96 EXPOSITIO
952 60 1005 96 IN
1029 61 1141 96 HOR.

357 168 434 212 22.
465 184 546 210 NON
572 185 779 211 INDEcoRo
805 170 1008 225 PVLVERE]
1051 173 1229 212 Glorioso
1254 174 1416 224 puluere
1441 174 1583 213 bellico

237 232 438 270 sordentes
471 227 574 285 (ΑΓ
585 233 621 270 V

357 286 434 330 23.
491 304 710 329 TERRARVM
742 288 944 343 SVBACTA]
1004 292 1088 330 Hoc
1122 294 1196 330 est:
1233 305 1256 330 a
1289 290 1454 331 Caesare
1486 287 1590 343 (AF

357 345 433 389 24.
465 362 659 388 ATROCEM
690 363 849 389 ANIMVM
883 348 936 402 c.]
968 351 1153 389 Atrocem
1185 353 1441 390 constantem.
1490 351 1582 390 Por-

190 418 210 448 5
237 411 319 448 cius
353 411 456 447 enim
491 409 587 447 Cato
622 412 717 459 aput
747 410 905 448 Vticam
938 411 1057 461 elegit
1087 412 1220 460 potius
1251 412 1432 460 interire,
1465 424 1583 460 quam

236 470 279 506 in
309 470 483 506 hostium
514 471 751 518 potestatem
781 471 936 507 ueniret
968 464 1235 522 (AFVcons.
1260 470 1400 518 Porph.

358 523 434 567 25.
491 528 594 566 Ordo
645 531 719 566 est:
769 529 867 566 Iuno
912 531 950 566 et
994 530 1173 578 quisquis
1218 529 1378 566 deorum
1422 531 1585 568 amicior

236 587 345 625 Afris
395 588 590 636 impotens
634 590 803 625 cesserat
845 589 974 625 inulta
1018 589 1175 637 tellure,
1224 589 1381 626 rettulit
1422 589 1585 627 inferias

238 646 455 696 Iugurthae
486 649 647 696 nepotes
678 648 874 684 uictorum
907 643 1035 697 (FaV

168 713 211 744 10
356 718 451 743 nuso
480 718 535 743 ET
567 718 735 744 DEORVM
765 718 950 749 Qmsows
975 703 1032 758 A.]
1066 707 1285 756 Tamquam
1310 708 1445 745 ciuilia
1469 707 1586 756 bella,

239 777 339 814 quae
382 767 520 814 postea
558 767 668 815 gesta
706 768 798 803 sunt
834 767 875 803 in
914 766 1048 804 Africa
1087 767 1136 803 ad
1172 766 1391 804 uindictam
1427 766 1587 804 Africae

239 826 458 873 superatae,
489 824 650 862 Iunonis
676 826 736 862 ira
761 825 825 862 uel
847 825 1006 862 deorum
1026 826 1164 863 fecerit
1183 826 1421 863 commoneri
1442 821 1591 878 (AFV

359 879 434 922 27.
456 895 664 922 VICTORVM
683 880 885 935 NEPOTES]
918 884 1195 933 Romanorum,
1217 886 1285 934 qui
1306 883 1586 935 Carthaginem

240 943 421 980 uicerant
452 938 601 995 (AFV

169 1010 212 1040 15
360 997 435 1040 28.
456 1015 656 1039 RETTVLIT
682 1013 869 1039 INFERIAS
894 999 1148 1053 IVGVRTHAE]
1179 1002 1446 1040 Hannibalem
1471 1003 1586 1041 intel-

238 1061 318 1110 legi
347 1061 477 1098 uoluit
507 1062 549 1098 in
580 1063 950 1099 commemoratione
981 1061 1214 1112 Iugurthae,
1257 1063 1324 1099 aut
1356 1064 1458 1100 certe
1491 1063 1587 1111 quia

238 1121 280 1156 in
323 1119 458 1158 Africa
504 1121 621 1157 multi
664 1120 895 1169 Pompeiani
937 1123 1112 1170 tempore
1155 1121 1250 1159 belli
1294 1121 1423 1159 ciuilis
1468 1122 1588 1159 occisi

240 1181 332 1216 sunt
364 1173 380 1222 (
383 1179 468 1216 ΑΓ
477 1180 513 1217 V

359 1234 435 1277 29.
492 1250 583 1281 QV1s
623 1250 704 1276 NON
741 1250 889 1276 LA'rmo
923 1250 953 1276 s.
980 1235 1034 1290 P]
1096 1239 1362 1277 Romanorum
1394 1240 1586 1290 sanguine

169 1305 214 1335 20
239 1298 305 1335 uel
336 1298 524 1347 sepulcris
556 1298 746 1347 repletus3
778 1300 822 1335 ut
852 1297 1033 1336 Lucanus
1066 1293 1121 1351 (V
1149 1299 1243 1336 266.
1273 1292 1394 1351 267):

737 1381 914 1429 Totoque
948 1382 1138 1419 exercitus
1171 1381 1262 1419 orbe

455 1439 509 1477 Te
540 1439 722 1477 uincente
752 1441 856 1488 perit
890 1434 992 1491 (AF
1002 1440 1038 1478 V

361 1528 437 1572 31.
469 1545 735 1576 AVDITVMQVE
761 1530 904 1584 MEDIS]
940 1533 1015 1571 Pro
1042 1534 1165 1572 cladis
1190 1533 1464 1585 magnitudine
1491 1534 1590 1572 dicit

240 1592 345 1630 bella
382 1593 517 1704 ciuili?
548 1593 668 1630 etiam
700 1592 827 1630 Persis
861 1593 1014 1641 audita,
1054 1596 1100 1630 ut
1130 1593 1330 1643 Vergilius
1364 1588 1482 1646 (Aen.
1507 1593 1586 1630 VII

172 1659 215 1689 25
243 1652 474 1689 224—226
506 1665 514 1689 :

418 1734 600 1782 Europae
633 1735 750 1782 atque
781 1733 900 1772 Asiae
932 1734 1026 1772 fatis
1059 1736 1298 1772 concurrerit
1330 1735 1447 1783 orbis,

419 1792 559 1829 Audiit
591 1795 629 1830 et
661 1796 811 1841 siquem
842 1793 959 1831 tellus
993 1795 1166 1831 extrema
1196 1793 1326 1831 refuso

422 1851 636 1889 Submouet
665 1850 819 1889 Oceano
852 1847 909 1904 (A
918 1853 1027 1890 FocV

363 1979 381 2008 3
409 1986 430 2009 a
457 1986 581 2021 cesare
608 1977 698 2019 (cesz
726 1977 760 2020 γ)
787 1975 931 2010 scilicet
949 1978 984 2010 Γ
1078 1980 1098 2009 4
1124 1976 1249 2020 potius
1276 1976 1376 2011 enim
1401 1977 1484 2010 cato
1503 1977 1539 2010 A

244 2025 264 2055 5
291 2024 383 2066 aput
407 2023 459 2067 A]
487 2027 534 2067 ap
569 2024 603 2057 V
624 2022 723 2067 apud
749 2027 824 2057 cett.
959 2027 978 2057 6
1004 2023 1150 2058 ueniret
1174 2024 1312 2069 Ach]
1338 2023 1465 2057 uenire
1489 2034 1541 2067 ΥΡ

244 2073 262 2102 7
291 2070 346 2102 est
372 2070 439 2114 γα]
467 2080 531 2103 om.
553 2071 617 2104 rV
745 2073 765 2104 8
790 2070 937 2104 rettulit
962 2071 999 2116 y]
1024 2070 1154 2104 retulit
1177 2072 1273 2106 raV
1400 2074 1442 2104 13
1467 2080 1588 2104 roma-

242 2116 389 2161 norum]
429 2116 587 2150 subaudi
630 2127 864 2151 romanorum
898 2118 932 2152 V
1055 2117 1311 2162 carthaginem
1345 2118 1381 2152 A
1384 2117 1427 2163 p]
1467 2118 1587 2151 carta-

243 2163 368 2207 ginem
388 2165 422 2196 Γ
434 2164 481 2198 Vc
628 2167 669 2197 16
697 2164 1007 2198 comemoratione
1026 2168 1060 2198 A
1183 2164 1286 2210 quia]
1313 2176 1336 2208 q
1356 2182 1399 2193 =
1420 2164 1485 2208 qui
1503 2165 1540 2198 A

245 2214 288 2244 20
304 2209 482 2254 sepulc-ris
497 2211 532 2244 A
549 2210 597 2255 V]
614 2210 818 2254 sepulchris
835 2214 869 2245 Γ
967 2215 1007 2245 21
1024 2211 1227 2245 excercitus
1242 2212 1277 2246 A
1374 2214 1418 2245 24
1430 2212 1522 2256 Uerg
1534 2211 1586 2256 A]

243 2257 343 2302 uirg:
372 2259 410 2338 1}
418 2258 472 2347 V)
591 2261 633 2291 28
667 2258 789 2292 subm:
817 2258 867 2304 A]
901 2260 1108 2293 summouet
1132 2260 1195 2293 rV
1225 2259 1351 2293 mouet
1381 2272 1402 2303 γ
1434 2257 1585 2303 (suffuso

243 2315 391 2338 remoue
435 2318 458 2338 α
