1664 2563
108 857 150 886 10

110 1164 152 1193 15

110 1483 154 1513 ‘20

172 111 257 153 352
616 107 868 142 EXPOSITIO
894 106 946 140 IN
972 105 1083 141 HOR.

295 217 370 261 17.
430 232 521 264 Qws
567 216 674 271 SCIT]
738 219 846 258 Idest
889 231 959 268 per
996 219 1190 256 incertum
1227 218 1334 255 uitae
1373 216 1524 264 nesciri,

173 284 308 319 utrum
340 280 490 320 homini
523 292 645 328 usque
679 279 728 316 ad
760 278 875 327 diem,
908 291 1025 326 quem
1057 278 1150 327 egit,
1182 287 1348 325 sequens
1381 275 1525 313 adicia-

173 344 250 390 tur,
283 354 372 379 eum
404 340 519 377 facile
553 341 591 376 et
623 351 692 388 per
723 338 839 376 horas
871 338 996 386 possit
1022 336 1196 374 occidere
1224 330 1525 388 (AVcfiPorph.

298 406 373 450 19.
433 422 594 448 GVNCTA
631 405 785 459 MANVS]
848 408 930 456 Ipsi
967 408 1009 444 in
1046 407 1199 445 lucrum
1236 407 1388 456 uenire,
1427 417 1527 454 quae

176 472 340 520 inpensa
373 471 521 507 fuerint
546 469 758 517 uoluptati,
790 468 966 517 peritura
991 465 1198 504 heredibus
1219 465 1407 502 derelicta
1428 459 1532 516 (AV

295 536 371 579 21.
425 552 655 577 SPLENDIDA
687 534 829 588 naxos]
886 537 941 575 Vt
974 532 1110 589 (Very.
1137 535 1234 574 Aen.
1261 535 1319 572 VI
1345 530 1468 587 432):

392 622 601 667 Quaesitor
632 622 759 659 Minos
792 633 932 658 urnam
963 621 1096 659 mouet
1129 613 1187 671 (A
1198 619 1233 657 V

300 713 376 756 23.
433 728 514 754 Nox
564 728 782 758 TORQVATE
831 710 980 765 GENVS]
1042 713 1123 751 Nee
1168 713 1417 750 nobilitatem
1460 723 1529 749 nec

177 778 446 826 eloquentiam
471 788 541 813 nee
567 776 758 824 pietatem
785 787 1023 823 quemquam
1049 772 1167 811 morti
1187 772 1409 821 praeripere
1430 765 1534 823 (AV

300 843 376 886 25.
410 859 536 884 DIANA
568 841 769 896 PVDICVM]
820 845 902 882 Aut
933 844 1159 882 fabulosum
1191 845 1230 881 et
1261 842 1406 880 falsum
1434 841 1531 879 dicit

178 908 444 957 Hyppolitum
471 906 519 943 ab
546 906 699 942 inferno
724 916 937 952 reuersum,
964 905 1032 941 aut
1058 903 1114 940 nil
1141 903 1176 940 ei
1197 902 1246 939 ad
1266 901 1530 940 conditionem

177 966 436 1005 mortalitatis
481 965 693 1014 profuisse,
740 965 832 1012 quia
880 963 927 1000 ab
970 964 1079 1011 equis
1118 963 1197 999 suis
1235 963 1385 998 tractus
1422 961 1529 997 uitae

178 1027 386 1063 restitutus
420 1026 490 1072 est⁷
523 1024 616 1060 dum
647 1024 688 1060 in
721 1022 884 1060 eandem
916 1024 1061 1059 sortem
1093 1022 1231 1058 fuisset
1256 1030 1434 1057 reuersus
1460 1031 1529 1056 neo

179 1087 347 1122 mortem
378 1085 565 1133 perpetue
598 1083 790 1132 potuisset
824 1081 991 1131 effugere
1025 1075 1082 1132 (A
1094 1080 1129 1117 V
1151 1080 1197 1126 cf.
1224 1079 1362 1126 Porph.

302 1149 377 1193 27.
427 1166 505 1190 NEC
539 1149 720 1203 LETHEA]
779 1152 815 1189 A
846 1152 1005 1189 flumine
1038 1151 1182 1188 inferos
1216 1150 1316 1187 dixit
1348 1144 1452 1201 (AV

299 1236 483 1262 THESExs
516 1237 621 1261 ABRV
626 1236 760 1260 MPERE
795 1219 848 1273 C]
906 1222 1078 1259 Theseus
1112 1224 1150 1258 et
1181 1221 1382 1258 Piiithous
1415 1219 1531 1257 amici

180 1285 357 1332 fuerunt,
403 1296 500 1332 quos
545 1283 641 1320 dicit
686 1282 891 1320 Coniuiata
936 1282 1111 1318 amicitia
1154 1281 1273 1317 morti
1317 1280 1417 1328 eripi
1454 1291 1531 1317 non

180 1315 374 1393 potuisse3
415 1356 507 1380 nam
545 1342 723 1380 uolentes
756 1341 1032 1390 Pioseipinam
1068 1352 1205 1389 rapere
1245 1338 1349 1388 apud
1387 1337 1531 1376 inferos

180 1405 455 1441 remanserunt
488 1397 545 1453 (A
557 1401 592 1439 V
613 1413 713 1438 cons.
739 1401 878 1448 Porpla.

299 1468 463 1525 *(Ve·r9.
498 1471 595 1510 Aen.
623 1471 681 1508 VI
709 1473 804 1509 617.
835 1466 956 1522 618):

752 1553 868 1591 Sedet
901 1555 1181 1601 aeternumque
1214 1550 1364 1589 sedebit

394 1614 537 1651 Infelix
567 1614 749 1651 Theseus.

182 1694 251 1746 Hii
289 1711 420 1746 autem
453 1708 502 1745 ad
533 1707 764 1757 rapiendam
796 1707 1071 1754 Proserpinam
1103 1704 1384 1743 descenderant
1416 1698 1533 1756 (Focb

305 1837 321 1866 1
348 1832 438 1866 uitae
460 1833 503 1878 Ρ]
529 1832 606 1866 uite
636 1833 683 1866 Ic
707 1831 789 1865 uice
816 1832 851 1865 Α
998 1834 1018 1863 4
1045 1829 1117 1874 ipsi
1144 1829 1195 1863 ed.
1220 1828 1304 1873 net]
1331 1828 1414 1872 ipsa
1441 1827 1535 1871 ΑεΡ

184 1880 304 1923 ipsam
333 1881 367 1914 V
460 1883 477 1912 7
504 1891 538 1913 u.
561 1891 607 1912 111.
638 1880 671 1913 V
766 1882 805 1912 11
833 1877 1046 1922 yppolitum
1072 1878 1107 1911 A
1132 1876 1319 1920 ypolitum
1347 1876 1393 1909 Ie
1418 1874 1534 1918 hypo-

184 1927 294 1960 litum
317 1938 343 1970 p
440 1926 697 1960 condicionem
726 1926 759 1960 V
876 1928 918 1958 13
944 1924 1077 1958 fuisset
1104 1925 1240 1957 sortem
1267 1924 1378 1966 (sorte
1406 1923 1453 1964 V)
1479 1931 1535 1954 re-

184 1984 312 2007 uersus
342 1976 418 2017 ch
565 1977 607 2007 14
639 1974 818 2017 perpetue
852 1972 917 2017 K]
950 1973 1129 2016 perpetue
1155 1970 1191 2004 A
1228 1971 1408 2014 perpetuo
1437 1969 1534 2011 ch‚·

185 2023 363 2064 perpetue
396 2021 543 2065 lefsimzts
569 2021 669 2064 apud
698 2019 967 2055 Cassiodore'mn
1113 2021 1155 2051 16
1182 2017 1351 2061 pirthous
1378 2015 1412 2049 A
1438 2014 1534 2059 peri-

185 2068 295 2102 thous
323 2069 382 2111 Vp
408 2068 603 2111 pyrithous
630 2078 647 2101 C
745 2070 788 2099 ‘23
816 2066 882 2110 (hii
910 2080 929 2110 2
932 2068 942 2107 )
