1664 2563
150 814 193 844 10

151 1111 192 1141 15

151 1452 194 1482 ‘20

153 1770 196 1799 25

217 117 302 159 336
661 117 786 152 EXPO
792 117 913 152 SITIO
939 117 992 151 IN
1016 117 1129 152 HOR.

216 232 378 279 propter
422 242 542 279 quam
585 231 625 267 et
668 232 854 278 quartum
898 229 1044 266 librum
1087 231 1225 268 contra
1268 229 1567 279 dispositionem

217 290 328 337 fecit,
365 289 407 326 in
439 288 596 326 laudem
627 288 748 325 Drusi
779 288 946 326 Neronis
977 289 1154 339 priuigni
1184 289 1358 338 Augusti
1389 287 1567 327 Caesaris

216 347 292 384 filii
321 348 508 396 Neronis,
546 360 662 396 quem
701 347 749 385 ob
787 348 940 398 insigne
979 348 1140 386 uirtutis
1180 348 1336 397 aquilae
1368 360 1568 397 compara-

218 409 278 444 mss
311 402 631 514 (ffgmparatur
650 466 784 502 autem
803 465 891 503 Ioui
910 465 1114 516 Augustus
1134 468 1174 503 et
1194 466 1350 515 aquilae
1365 466 1470 504 Nero
1485 459 1570 517 (Poe

338 536 528 563 vanms
565 520 738 575 ALITEM]
796 525 1002 573 Aquilam,
1044 537 1163 574 quam
1201 527 1241 563 et
1270 537 1404 575 regem
1436 525 1570 563 auium

218 584 368 632 uolunt,
401 586 445 621 ut
477 578 542 636 (V
539 594 614 631 ery.
641 583 739 621 Aen.
767 583 803 619 V
832 578 953 636 255):

432 665 603 703 Pedibus
634 666 770 715 rapuit
801 665 907 704 Iouis
941 666 1111 716 armiger
1142 667 1271 714 uncis3

219 748 306 786 ideo
337 749 486 786 tutelae
513 748 620 786 Iouis
653 749 797 786 dicitur
829 748 1033 798 deputata,
1065 750 1158 798 quia
1183 761 1415 798 prosperum
1441 749 1570 798 auspi-

221 809 324 845 cium
356 808 438 845 eius
471 808 680 846 aduersum
713 808 876 846 Titanas
908 810 1156 858 pugnaturus
1188 809 1341 858 accepit
1372 802 1477 861 (AV

340 861 384 905 4.
435 863 587 917 FLAvo]
644 867 780 904 Rubeo
815 861 919 919 (AV

341 921 385 964 6.
417 938 515 963 Nino
548 920 758 978 LABORVM]
810 926 856 962 In
888 926 1120 975 metaphora
1151 926 1308 975 aquilae
1338 925 1573 975 perdurauit

221 984 385 1022 dicendo
417 984 554 1022 nidum
586 984 765 1022 laborum
796 997 867 1034 pro
899 985 1053 1023 familia
1083 985 1277 1022 nobilium
1308 987 1347 1023 et
1377 986 1572 1022 uirtutum

222 1043 336 1081 domo
370 1038 473 1095 (AV

343 1098 383 1141 7.
435 1098 658 1153 VERNIQVE]
715 1102 770 1140 Vt
802 1097 938 1155 (Very.
961 1114 1085 1151 yeory.
1112 1103 1131 1140 Ι
1159 1097 1281 1155 313):

433 1184 684 1222 Imbriferum
716 1198 784 1223 uer
817 1180 921 1237 (AV

341 1262 384 1306 8.
441 1278 652 1305 ixsomTos
697 1279 887 1306 DOCVERE
932 1264 1064 1319 msvs]
1126 1268 1405 1306 Inconsuetum
1441 1268 1572 1306 nisum

222 1326 271 1372 ad
314 1327 462 1375 primos
507 1327 665 1365 uolatus
710 1327 866 1376 aquilae
912 1327 1037 1365 adhue
1082 1340 1211 1365 aerem
1255 1329 1294 1365 et
1336 1328 1475 1365 uentos
1519 1327 1568 1364 ti-

221 1386 363 1423 mentis
396 1380 501 1438 (AV

340 1439 384 1483 9.
435 1441 711 1495 PAVENTE<M>
749 1456 833 1482 Mox
865 1457 906 1482 IN
939 1441 1094 1496 OVILIA]
1154 1445 1322 1483 Solitam
1352 1444 1502 1483 uiribus
1534 1446 1573 1482 et

222 1504 359 1540 uolatu
397 1504 583 1541 continuo
621 1504 672 1541 ad
709 1504 897 1553 praedam
934 1504 1108 1553 prodire,
1146 1505 1192 1541 ut
1230 1499 1365 1557 (Verq.
1391 1502 1489 1542 Aen.
1515 1503 1572 1541 XI

226 1563 319 1599 751.
350 1563 431 1599 752
463 1577 471 1599 :

436 1557 451 1614 )
1074 1622 1203 1659 Fulua
1234 1621 1443 1659 draconem

437 1680 529 1718 Fert
563 1680 697 1729 aquila
734 1675 838 1733 (AV

346 1757 421 1801 12.
467 1775 562 1800 EGIT
595 1774 708 1800 AMOR
740 1774 859 1800 DAPIS
892 1775 929 1800 A.
956 1759 1011 1813 R]
1067 1763 1114 1800 In
1146 1775 1247 1813 agno
1279 1762 1422 1800 inbelliv
1448 1762 1571 1811 dapis,

223 1821 263 1857 in
296 1821 462 1859 dracone
493 1834 649 1871 pugnae
682 1817 787 1874 (AV

346 1875 421 1918 13.
449 1892 669 1922 QVALEMVE
689 1877 889 1931 L<A>ET1s
912 1892 945 1918 C.
966 1876 1020 1931 Ρ]
1064 1879 1239 1928 Qualem,
1259 1881 1401 1929 inquit,
1419 1880 1572 1918 leonem

223 1939 373 1986 primae
397 1940 590 2049 <iuuentae
623 1952 764 1988 caprea
795 1941 955 1988 timens,
993 1939 1116 1977 talem
1146 1939 1320 1977 Drusum
1350 1939 1481 1977 hostes
1513 1939 1570 1975 ui-

225 1997 365 2034 derunt
416 1996 501 2036 AV

344 2124 364 2153 3
397 2121 522 2166 aquile
542 2122 586 2166 p]
620 2122 744 2165 aquile
771 2122 864 2157 AVc
1009 2125 1028 2156 6
1060 2125 1146 2166 rege
1173 2121 1224 2166 A]
1250 2121 1419 2166 reginam
1445 2121 1525 2164 ch

225 2171 245 2201 9
278 2167 406 2201 tutelae
438 2168 477 2212 p]
510 2168 627 2202 tutele
659 2169 752 2204 AVo
895 2180 1110 2213 prosperum
1140 2169 1234 2213 ch]
1265 2178 1464 2212 properum
1488 2168 1524 2202 A

225 2214 406 2258 auspicufi
432 2216 467 2248 A
600 2220 641 2249 12
667 2215 850 2250 metafora
876 2217 911 2249 A
1039 2219 1081 2249 13
1107 2215 1276 2250 laborum
1301 2215 1395 2249 AVc
1413 2225 1480 2248 om.
1495 2225 1524 2258 p

228 2264 270 2294 18
298 2261 434 2305 aquilae
453 2262 498 2306 p]
526 2262 651 2304 aquile
677 2263 771 2298 AVc
868 2266 912 2296 20
939 2264 1139 2307 pauentem
1167 2263 1248 2306 ch
1344 2260 1464 2295 solida
1488 2261 1525 2295 A

226 2311 270 2341 526
298 2308 456 2342 dracone
482 2309 514 2354 c]
542 2309 701 2343 dracone
727 2311 832 2354 AVp
977 2312 1020 2344 28
1046 2309 1175 2354 primae
1200 2308 1363 2343 iuuentae
1382 2308 1427 2353 p]
1453 2308 1572 2352 prime

225 2355 378 2389 iuuente
404 2356 499 2391 AVo
