1664 2563
140 82 190 116 VI
676 78 948 113 PRAEFATIO

138 195 385 241 correxisset,
424 206 591 241 usquam
629 193 907 241 praetermissa
946 192 1015 229 sit:
1060 204 1136 240 quo
1174 190 1219 228 fit
1256 192 1317 239 ut,
1356 190 1486 239 quoad

139 255 247 291 extat
279 253 399 291 codex
430 251 480 300 A,
512 265 626 290 nemo
659 264 738 289 non
768 252 885 300 plane
918 251 1063 299 uideat,
1095 252 1135 288 et
1166 263 1266 299 quae
1297 251 1485 288 lemmata

139 314 178 350 et
214 326 329 361 quem
360 314 512 350 textum
545 311 727 349 exhibeat
758 310 1043 349 Pseudacronis
1076 310 1195 348 codex
1226 310 1342 360 longe
1373 322 1486 358 prae-

139 373 416 410 stantissimus.
484 370 628 408 Deficit
665 370 755 407 inde
794 370 842 407 ab
881 369 991 418 epod.
1022 370 1092 417 15,
1122 371 1143 407 1
1185 369 1290 418 quod
1328 369 1486 417 quidem

140 433 306 469 maxime
340 433 398 468 est
430 430 651 468 dolendum.
702 429 1027 467 Inter-linearibus
1061 441 1157 477 quas
1185 429 1321 466 dicunt
1346 429 1484 478 glossis

139 492 298 529 omnino
331 491 449 528 caret.

259 550 460 588 Secundus
504 550 594 598 post
639 561 728 586 eum
767 548 923 585 excellit
960 547 1059 585 liber
1099 547 1211 584 V=
1238 547 1320 584 cod.
1347 546 1483 584 Horat.

139 621 356 658 Vaticanus
383 620 618 658 Vrsinianus
652 614 766 671 (olim
799 613 1047 670 Colotianus)
1083 619 1194 655 3257
1228 618 1374 656 saeculi
1399 616 1484 655 ΧΠ.

139 681 266 718 Huius
311 680 455 717 codicis
499 679 737 729 marginales
780 678 1055 715 tantummodo
1101 678 1287 726 exscripsi
1323 677 1485 714 adnota-

140 741 284 787 tiones,
317 740 463 788 quippe
497 751 595 786 quae
628 750 716 775 cum
749 737 830 775 cod.
857 736 895 774 A
927 738 1072 774 mirum
1105 738 1296 784 quantum
1328 748 1486 773 consen-

139 800 260 847 tiant,
305 811 374 836 nec
412 800 546 835 tamen
584 810 716 835 omnes
756 797 875 834 attuli
906 797 1111 843 lectiones,
1153 795 1220 833 sed
1251 808 1316 833 eas
1348 795 1486 842 solum,

141 871 240 906 quae
273 858 323 895 ad
349 856 666 895 constituendum
692 869 829 893 uerum
855 857 1081 893 contextum
1107 855 1272 893 alicuius
1297 854 1488 892 momenti

140 930 221 956 esse
259 917 512 964 uidebantur,
556 928 664 953 mera
702 915 856 952 librarii
893 915 1034 952 menda
1065 915 1173 963 typis
1205 914 1392 951 mandare
1423 926 1486 951 511-

140 977 392 1026 persedimus.
469 975 650 1012 Ceterum
694 975 808 1011 illum
853 975 922 1022 qui
965 974 1137 1011 codicem
1181 974 1339 1022 scripsit
1380 971 1487 1010 haud

140 1037 222 1074 51116
267 1036 475 1086 diligentia
515 1047 675 1071 munere
713 1047 781 1072 suo
820 1034 999 1071 functum
1038 1045 1118 1071 6556
1156 1033 1292 1070 multis
1328 1031 1486 1069 indiciis

141 1095 320 1133 efficitur.
378 1094 455 1132 Sed
485 1106 555 1131 nec
586 1093 960 1142 interpolationibus
994 1092 1151 1140 quidem
1178 1093 1336 1129 omnino
1363 1091 1488 1138 caret3

140 1156 276 1203 itaque
309 1154 430 1191 libros
463 1153 555 1201 σρζ,
588 1154 819 1190 necessitate
853 1152 1023 1200 quadam
1056 1164 1144 1189 cum
1184 1151 1220 1189 V
1247 1151 1488 1197 coniunctos,

140 1227 300 1263 prorsus
333 1226 514 1262 spernere
546 1225 624 1250 non
656 1213 779 1249 licuit.
835 1211 1014 1249 Pertinet
1041 1212 1174 1248 autem
1200 1210 1319 1248 codex
1352 1210 1388 1247 V
1408 1221 1487 1246 non

140 1275 298 1311 tantum
331 1273 381 1310 ad
413 1273 587 1309 carmina
621 1274 659 1309 et
692 1271 852 1320 epodos,
888 1283 1025 1307 uerum
1057 1271 1178 1307 etiam
1210 1269 1260 1307 ad
1291 1281 1487 1307 sermones

142 1333 412 1381 epistulasque
444 1333 484 1369 et
515 1332 641 1368 artem
672 1331 886 1379 poeticam,
920 1331 979 1367 ita
1010 1331 1144 1367 tamen
1175 1330 1220 1366 ut
1249 1340 1376 1378 pauca
1406 1329 1488 1365 iam

142 1392 412 1430 desiderentur
449 1391 564 1437 folia,
604 1403 703 1438 quae
742 1390 835 1427 olim
875 1390 1114 1427 continuisse
1146 1388 1332 1425 uidentur
1362 1388 1488 1424 uitam

141 1451 297 1497 Horati,
330 1463 446 1488 carm.
474 1450 493 1486 I
522 1451 675 1496 1-177
705 1450 756 1486 17
791 1450 830 1486 et
862 1450 972 1497 epist.
1000 1448 1040 1485 Π
1067 1449 1103 1495 2,
1132 1447 1344 1484 99-216.

259 1510 471 1547 Nonnullis
504 1509 612 1556 locis,
644 1508 712 1545 ubi
744 1509 814 1545 aut
845 1507 1031 1545 deficiunt
1062 1505 1148 1544 AV
1174 1507 1244 1544 aut
1274 1505 1416 1543 menda
1446 1506 1488 1542 in

143 1582 207 1607 605
233 1570 442 1618 inrepsisse
470 1569 646 1617 apparet,
679 1580 697 1604 e
718 1566 999 1604 recentioribus
1021 1565 1218 1604 codicibus
1238 1565 1325 1612 ορζ,
1352 1577 1489 1613 quam-

144 1642 262 1676 quam
289 1629 339 1666 ad
363 1628 647 1676 interpolatam
671 1626 869 1674 quandam
888 1627 1153 1663 recensionem
1171 1623 1367 1662 referendi
1386 1624 1488 1670 sunt,

144 1689 316 1725 fructum
358 1688 559 1736 percipere
604 1687 706 1723 licet.
769 1685 824 1722 Hi
866 1685 959 1722 libri
995 1684 1140 1722 Horati
1176 1684 1300 1733 ipsius
1337 1683 1489 1720 textum

144 1760 221 1784 non
260 1746 460 1793 exhibent,
500 1746 567 1783 sed
603 1758 680 1782 uno
718 1746 853 1782 tenore
892 1745 1039 1792 scripta
1071 1744 1220 1782 scholia
1251 1742 1489 1794 Pseudacro-

144 1807 262 1843 niana
295 1806 491 1843 lemmatis
523 1804 797 1842 tantummodo
830 1805 1063 1852 interrupta.

265 1864 392 1902 Codex
419 1876 438 1901 c
463 1866 522 1902 est
540 1863 928 1901 Wolfenbuttelanus
957 1863 1067 1900 2821
1090 1860 1316 1912 Augusteus
1344 1860 1410 1897 81.
1433 1860 1484 1897 31

145 1925 383 1961 chartaceus.
447 1923 599 1960 Desunt
643 1923 792 1961 scholia
834 1923 875 1959 in
918 1921 1028 1971 epod.
1057 1922 1123 1968 17,
1151 1920 1331 1958 53—81
1373 1920 1412 1956 et
1447 1919 1490 1956 in

145 1995 343 2043 epistulas.
409 1993 585 2041 Scriptus
619 1995 677 2031 est
709 2006 805 2032 saec.
833 1980 915 2029 XV.

265 2053 393 2091 Codex
417 2065 448 2099 p
476 2069 531 2081 =
557 2052 760 2090 Parisinus
804 2051 969 2089 Latinus
1016 2051 1127 2088 7988
1171 2049 1490 2087 membranaceus

146 2125 300 2163 saeculo
327 2124 424 2161 ΧΠΙ
448 2123 609 2160 ineunte
630 2125 822 2161 exaratus.
875 2121 1151 2160 Continentur:
1183 2116 1490 2157 ‘PORPHIRIONIS

148 2195 404 2221 GRAMMATICI
459 2193 716 2219 EXPLANATIO
768 2194 895 2220 svpnu
944 2192 1113 2218 HORATII
1161 2190 1309 2216 FLACLI
1357 2189 1490 2215 ΡΟΕΤΕ

146 2255 270 2280 LIRICI
316 2251 543 2281 SATYRIQVE
587 2237 742 2278 OPERA’
784 2242 823 2278 et
859 2240 949 2277 inde
988 2253 1010 2277 a
1048 2239 1114 2276 fol.
1144 2239 1245 2275 146:
1296 2233 1490 2274 ε1101101115

486 2293 512 2312 (Ἴ

148 2336 405 2363 GRAMMATICI
460 2335 684 2362 COETARIVS
748 2335 787 2359 IN
843 2334 987 2360 LIBROS
1045 2333 1256 2359 CARMINVM
1313 2330 1451 2357 ORATII
1465 2315 1489 2355 ⁵.
