1664 2563
649 84 793 119 CARM.
814 84 848 119 Π
868 87 898 119 7.
920 88 940 119 8
1391 84 1474 125 161

665 267 819 306 GARM.
848 268 888 306 II
915 269 938 306 8

244 378 413 403 METRVM
445 375 687 412 SAPPHICVM‚
720 375 905 406 QVARTVS
938 375 1108 401 DIPODIA
1140 357 1317 416 (ΑΒΓα

247 420 289 464 1.
338 436 446 462 VLLA
477 436 514 462 SI
544 435 650 462 Ivms
683 435 766 461 TIBI
797 419 1006 474 PEIERATI]
1065 422 1297 461 Scaenicum
1327 424 1473 472 princi-

121 487 235 536 pium
264 486 307 522 in
337 484 513 521 Varinen
544 483 797 521 meretricem.
854 482 1106 532 Intellegitur
1137 483 1241 520 enim
1273 495 1343 532 per
1372 482 1474 521 hanc

122 545 387 583 inuectionem
419 544 572 592 aliquos
604 544 859 592 praecessisse
891 554 1105 591 sermones,
1144 542 1285 591 quibus
1318 544 1474 580 noctem
1524 548 1544 580 5

123 605 200 644 sibi
231 604 367 642 eadem
396 603 544 640 Varine
576 604 660 640 iure
691 602 857 640 iurando
888 602 1132 651 promiserit,
1172 601 1328 650 dehinc,
1367 603 1474 650 post-

124 677 243 714 quam
274 662 435 710 fefellit⁷
472 663 514 699 in
544 662 641 700 haec
672 663 793 700 uerba
824 663 983 711 poetam
1014 662 1124 699 uelut
1157 663 1356 699 amantem
1388 674 1472 699 eru·

122 725 227 774 pisse
272 718 390 775 (cons.
422 716 594 773 Porph.)
656 721 711 758 Vt
756 723 859 759 enim
903 721 1048 758 dicitur
1089 722 1187 759 iuris
1231 721 1370 770 iurati,
1415 720 1474 758 ita

123 784 257 833 posuit
290 778 407 819 ‘iuris
445 777 644 830 peierati’⁷
683 781 788 830 quod
818 781 929 819 nulla
960 780 1102 818 fallens
1133 793 1262 830 poena
1294 780 1474 829 perculsa

124 844 177 881 sit
207 836 386 895 (AFaV
1501 846 1545 877 10

243 896 288 939 3.
320 913 456 938 DENTE
488 912 524 937 si
555 911 679 937 NIGRO
706 895 760 950 F]
793 900 920 937 Maior
945 900 1050 936 enim
1074 912 1201 948 poena
1229 895 1325 950 [est]
1351 911 1474 937 mere-

122 960 231 1009 trici,
270 961 305 998 si
341 960 390 997 ob
428 960 585 1008 culpam
617 960 790 1008 corporis
823 959 1074 996 deformitate
1105 959 1295 1007 puniatur
1329 953 1433 1010 (AF
1442 958 1480 996 V

243 1015 288 1058 5.
340 1015 578 1070 CREDEREM]
633 1018 716 1056 Aut
755 1015 871 1055 ‘tibi'
911 1018 1148 1056 subauditur
1180 1014 1372 1056 ‘iuranti’
1405 1019 1475 1055 aut

126 1077 238 1118 ‘deos
269 1080 444 1117 uindices
477 1091 559 1116 esse
589 1073 775 1127 periurii'
808 1076 911 1131 <AF
921 1078 957 1116 V

242 1134 479 1189 OBLIGASTI]
517 1138 726 1176 Deuouisti
757 1150 835 1175 non
866 1137 1053 1186 inplendo
1085 1138 1296 1186 promissa3
1329 1150 1348 1174 e
1382 1149 1470 1174 con·
1500 1145 1543 1175 15

120 1200 245 1237 trario
278 1200 383 1236 enim
414 1199 516 1236 solui
546 1200 642 1236 uota
674 1198 858 1235 dicuntur
890 1192 1065 1248 (AFaV
1085 1197 1130 1243 cf.
1158 1197 1298 1244 Porph.

244 1253 286 1297 7.
319 1258 497 1296 Pulcrior
521 1258 646 1295 multo
674 1252 771 1310 (V>]
803 1256 948 1294 Auctio
974 1257 1033 1294 est
1058 1256 1153 1293 data
1179 1257 1355 1294 auctioni
1375 1250 1479 1308 (FV

241 1329 504 1360 IVVENVMQVE
543 1328 689 1354 PRODIS
721 1329 756 1353 P.
786 1312 838 1367 c]
902 1315 1137 1354 Amatorum
1174 1315 1474 1353 multitudinem

121 1377 322 1428 significat
365 1377 496 1415 dicens
541 1390 627 1414 eam
670 1377 853 1425 periuriis
891 1375 977 1413 fieri
1013 1374 1278 1424 pulchriorem
1317 1370 1427 1428 (AF
1442 1375 1479 1413 V

121 1437 170 1484 cf.
195 1437 335 1484 Porph.
1500 1442 1545 1473 20

242 1492 288 1534 9.
321 1508 498 1533 EXPEDIT
530 1507 678 1532 MATRIS
713 1506 747 1533 c.
775 1491 830 1545 0.]
864 1494 972 1532 Idest
1003 1507 1124 1543 prope
1154 1496 1223 1542 est,
1255 1496 1300 1531 ut
1324 1495 1473 1543 putem,

122 1556 217 1593 dum
248 1555 406 1593 uideam
436 1568 515 1592 non
546 1556 679 1604 puniri
710 1555 896 1604 periuria,
927 1555 969 1591 in
1001 1554 1244 1592 contrarium
1268 1553 1473 1603 religionis

119 1628 169 1653 ac
198 1616 360 1665 pietatis
392 1616 496 1652 uerti
526 1616 731 1652 rationem.
794 1614 907 1651 Hanc
940 1615 1044 1651 enim
1075 1613 1164 1651 uult
1195 1612 1322 1651 uideri
1354 1614 1472 1650 sacri-

121 1676 227 1726 legio
259 1675 514 1724 promeritam
546 1674 707 1712 deorum
738 1674 916 1712 fauorem
947 1668 1126 1725 (AFaV
1145 1684 1245 1710 cons.
1272 1673 1412 1720 Por-pk.

241 1730 443 1785 opmzrros]
502 1733 717 1784 Sepultura
748 1735 872 1771 tectos
908 1727 1010 1785 (AF
1499 1739 1543 1770 25

245 1788 320 1832 10.
370 1805 477 1831 'roro
510 1805 742 1832 'errrvRNA
772 1788 938 1842 NOCTIS]
996 1791 1152 1839 Clarae,
1187 1793 1269 1829 siue
1302 1792 1473 1829 secretae

49 1864 58 1874 ‘
121 1856 163 1892 et
194 1853 359 1901 silentis,
390 1855 435 1890 ut
468 1848 604 1906 (Verq.
629 1851 726 1890 Aen.
754 1852 794 1890 II
823 1846 945 1903 255):

241 2018 261 2047 2
289 2013 459 2048 safficum
484 2013 520 2048 A
546 2012 794 2057 saphphicum
818 2024 838 2047 r
864 2011 1059 2056 saphicum
1084 2012 1181 2056 Βγα
1279 2022 1345 2055 qu:
1373 2010 1472 2057 dip:]

121 2073 188 2097 om.
204 2062 240 2097 B
315 2065 335 2095 3
356 2061 543 2107 scenicum
564 2062 598 2106 r]
619 2060 806 2095 scenicum
826 2064 899 2094 cett.
975 2062 996 2092 4
1016 2058 1172 2093 barinen
1191 2059 1227 2093 A
1246 2058 1435 2093 uarrinem
1453 2071 1473 2093 r

120 2108 291 2143 nai-inem
307 2123 360 2154 γα
370 2110 449 2153 ch
547 2111 566 2141 6
582 2109 711 2142 uarine
726 2109 761 2142 A
775 2112 808 2143 et
825 2107 972 2152 Porph]
986 2106 1118 2141 narina
1135 2109 1168 2141 Γ
1174 2107 1227 2151 Vp
1252 2106 1385 2140 narina
1398 2120 1422 2140 α

123 2161 142 2191 7
168 2157 208 2191 in
235 2157 258 2190 h
285 2156 325 2190 in
349 2155 465 2190 uerba
485 2156 522 2190 A
618 2159 638 2189 9
665 2167 763 2202 pena
783 2156 819 2190 A
918 2158 959 2188 11
986 2165 1084 2200 pena
1103 2155 1140 2189 A
1237 2155 1293 2188 est
1312 2154 1425 2189 0m.A
1464 2180 1467 2184 Α

124 2207 167 2238 13
188 2205 254 2238 aut
272 2203 343 2237 tibi
363 2203 586 2238 subauditur
604 2203 633 2237 i:
650 2204 700 2250 A]
722 2204 763 2237 sb
784 2204 849 2237 aut
867 2202 938 2236 tibi
952 2202 981 2236 i:
994 2203 1029 2237 V
1048 2203 1113 2237 aut
1133 2201 1204 2236 tibi
1219 2201 1429 2236 subiuranti
1445 2212 1473 2244 p

123 2253 194 2286 aut
219 2251 292 2285 tibi
316 2251 457 2285 iuranti
482 2262 500 2286 c
535 2252 600 2285 aut
624 2251 695 2285 tibi
723 2250 900 2285 subaudis
926 2250 1067 2284 iuranti
1092 2264 1112 2295 y
1146 2251 1211 2283 aut
1235 2249 1307 2283 tibi
1332 2247 1474 2283 iuranti

123 2299 323 2333 subaudies
360 2311 379 2333 r
524 2303 567 2333 21
605 2300 743 2333 matres
782 2300 818 2333 A
963 2301 1006 2331 23
1044 2298 1141 2332 hanc
1161 2318 1205 2322 —
1226 2296 1244 2329 f
1249 2297 1273 2342 :]
1306 2308 1372 2331 om.
1400 2309 1425 2330 α

124 2349 169 2379 24
194 2345 361 2380 fauorem
387 2347 493 2391 ΑΓΖ)
512 2357 605 2381 cons.
628 2346 780 2392 Porphi]
807 2345 969 2379 furorem
1002 2346 1050 2381 Vc
1148 2348 1191 2378 26
1219 2343 1317 2378 clare

194 2411 436 2437 PsnvnAcnoms
457 2419 594 2438 senona
614 2419 647 2437 m
667 2412 720 2436 Ho
725 2419 822 2436 RRRRR
825 2419 856 2436 Μ.
1215 2407 1256 2437 11
