1664 2563
169 106 223 147 10
675 105 838 140 EXPOS.
859 105 1005 141 METR.

283 219 501 256 Vndecima
546 213 629 272 ᾠδή
674 219 821 256 dicolos
866 219 925 256 est
967 218 1201 268 distrophos.
1263 218 1367 256 Nam
1408 218 1517 268 prior

166 290 300 316 uersus
332 280 487 316 constat
513 278 780 327 amphimacro
808 279 847 315 et
871 280 1116 316 monometro
1141 278 1321 316 iambico.
1373 277 1515 316 Secun-

166 338 238 375 dus
270 351 363 375 uero
395 339 575 375 trimeter
606 340 666 376 est
694 337 886 376 iambicus
919 338 1091 376 claudus.
1154 337 1351 376 Iambicus
1384 340 1516 376 autem

165 409 302 435 uersus
333 410 412 435 non
444 397 573 435 solum
597 397 784 445 iambum⁷
816 397 883 435 sed
916 399 955 435 et
985 398 1186 435 heroicum
1212 399 1354 447 recipit
1378 397 1517 447 pedem

119 464 139 493 5
167 469 256 494 cum
287 457 548 495 solutionibus
581 459 661 495 suis
692 457 788 495 locis
820 457 970 495 scilicet
999 457 1204 506 inparibus
1237 459 1276 494 et
1299 457 1517 495 tribrachin

167 517 327 554 cunctis.
385 516 568 566 Vsusque
611 517 813 554 inuenitur
854 517 928 554 hac
964 518 1081 554 metri
1119 517 1402 565 compositione
1438 529 1516 553 uno

165 578 322 613 tantum
355 578 484 624 cantu,
516 578 588 614 sic:

380 659 469 696 Non
503 659 598 696 ebur
628 671 754 708 neque
787 671 960 697 aureum.

285 754 529 791 Duodecima
570 749 652 807 ᾠδή
690 754 914 791 monocolos
953 756 1021 791 est.
1089 753 1216 791 Metro
1255 754 1359 791 enim
1395 753 1518 791 conti-

98 821 141 851 10
167 815 298 862 netur,
344 813 448 862 quod
486 815 641 851 constat
678 815 806 851 ionico
839 827 861 850 a
892 814 1058 862 minore,
1104 812 1208 862 quod
1245 812 1404 862 quidem
1440 825 1519 851 non

167 870 385 923 <1111111310>
428 873 590 922 pedum⁷
638 873 706 910 sed
750 885 884 910 sensus
928 872 1004 910 fine
1048 872 1306 910 concluditur.
1387 871 1519 922 Atque

166 932 255 970 ideo
289 945 312 970 a
342 932 479 970 multis
512 932 707 981 synaphia
738 934 914 970 uocatur.
972 931 1109 969 Vtitur
1141 933 1272 969 autem
1303 931 1378 970 hac
1402 932 1519 969 metri

168 992 451 1041 compositione
484 992 603 1029 semel
634 994 802 1040 tantum,
834 991 908 1028 ita:

379 1075 613 1113 Miserarum
645 1077 704 1112 est
734 1088 861 1124 neque
893 1074 1018 1112 amori
1050 1074 1143 1120 dare
1174 1074 1323 1113 ludum.

99 1178 141 1208 15
288 1171 422 1208 Tertia
472 1169 622 1208 decima
672 1165 755 1223 ᾠδή
802 1170 948 1207 dicolos
993 1171 1051 1207 est
1094 1169 1328 1218 distrophos.
1408 1169 1522 1207 Prior

169 1231 272 1267 enim
310 1241 444 1267 uersus
484 1231 542 1267 est
578 1230 767 1267 heroicus.
831 1228 1005 1278 Sequens
1047 1230 1128 1267 eius
1159 1229 1279 1266 habet
1308 1228 1520 1277 penthimi-

167 1290 316 1327 merim.
397 1289 611 1338 Vtiturque
660 1290 734 1326 hac
782 1289 896 1326 metri
946 1288 1228 1337 compositione
1272 1288 1391 1326 semel
1433 1290 1519 1325 tan-

167 1351 264 1397 tum,
295 1350 370 1386 ita:

345 1432 546 1482 Diffugere
578 1432 690 1469 niues
720 1431 888 1469 redeunt
917 1432 998 1468 iam
1030 1430 1210 1481 gramina
1241 1432 1388 1479 campis

96 1499 142 1529 20
453 1491 747 1540 Arboribusque
780 1487 978 1541 com<a>e.

288 1585 438 1630 Quarta
481 1585 632 1624 decima
676 1580 759 1639 ᾠδή
805 1585 951 1623 dicolos
997 1586 1055 1622 est
1099 1584 1332 1633 distrophos.
1407 1584 1520 1622 Prior

170 1647 273 1683 enim
305 1658 441 1683 uersus
472 1646 650 1683 trimeter
683 1646 742 1682 est
772 1645 974 1682 iambicus.
1032 1643 1206 1692 Sequens
1232 1643 1397 1681 dimeter
1421 1645 1518 1681 iam-

167 1704 288 1742 bicus.
335 1705 471 1742 Vtitur
501 1706 630 1742 autem
657 1705 731 1741 hac
757 1705 873 1742 metri
898 1705 1179 1752 compositione
1205 1703 1340 1740 nouies
1366 1696 1519 1754 (melius

168 1766 381 1812 scripsisset
411 1764 537 1802 decies
569 1776 655 1801 cum
684 1757 838 1816 Seruio)
872 1765 1040 1812 tantum,
1071 1764 1146 1800 ita:

291 1940 308 1969 1
338 1937 437 1969 (0Δὲ
464 1950 484 1981 γ
512 1936 581 1970 ode
608 1936 662 1978 af
754 1939 774 1969 3
808 1935 962 1969 claudus
988 1935 1056 1980 af]
1085 1934 1214 1979 omyj
1241 1933 1435 1968 claudulus
1454 1944 1473 1967 c
1505 1963 1508 1971 .

170 1987 191 2016 4
213 1983 277 2017 sed
297 1984 359 2029 ecs]
382 1985 437 2017 set
457 1998 477 2028 γ
499 1995 526 2027 s,
546 1984 591 2027 ej
689 1987 708 2017 5
729 1983 852 2027 inpar:
875 1983 909 2028 γ]
931 1982 1068 2026 impar:
1090 1982 1166 2025 αἴθ’
1231 1981 1438 2015 tribrachin
1452 1980 1517 2072 yffi}

169 2030 401 2065 tribrachum
421 2044 444 2064 α
465 2042 558 2065 cons.
573 2031 595 2074 j
723 2034 740 2064 7
764 2030 817 2064 sic
837 2030 897 2076 γε]
920 2030 974 2063 ita
995 2030 1048 2072 αἵ
1163 2032 1183 2063 8
1204 2039 1357 2063 aureum
1376 2042 1397 2073 γ
1411 2040 1470 2073 pr.
1485 2039 1503 2062 c

171 2089 302 2112 aurum
316 2092 336 2123 γ
356 2089 445 2112 corr.
461 2078 538 2121 αϊ]
626 2081 645 2111 9
668 2078 767 2111 (ΟΔΕ
788 2092 808 2122 γ
816 2078 840 2120 f
859 2078 928 2111 ode
943 2091 966 2110 α
1055 2080 1097 2111 10
1118 2087 1140 2110 a
1159 2075 1302 2110 minore
1315 2087 1333 2110 c
1353 2075 1516 2121 Seruius]

170 2126 312 2159 minore
339 2125 443 2169 yocfj
541 2126 641 2169 quod
656 2147 699 2150 —-
713 2125 851 2169 pedum
878 2135 943 2159 om.
957 2124 979 2168 j
1104 2127 1145 2158 11
1173 2134 1326 2157 numero
1353 2123 1516 2168 Seruius]

171 2184 237 2207 om.
259 2172 341 2217 γαί
409 2172 473 2206 sed
498 2173 535 2217 f]
564 2174 620 2206 set
644 2185 666 2217 9
692 2185 720 2212 3,
740 2173 817 2216 occj
915 2175 957 2205 12
979 2171 1164 2215 synaphia
1185 2170 1216 2216 c]
1245 2170 1419 2215 sinaphia
1438 2170 1524 2215 yocf

172 2219 458 2264 synalimphiaj
487 2219 629 2263 synafia
649 2220 800 2254 Serenus
874 2222 916 2253 15
939 2219 1038 2252 (11)Δέ
1051 2219 1073 2261 j
1099 2218 1168 2252 ode
1189 2218 1277 2260 afc3
1303 2232 1324 2263 γ
1344 2218 1474 2261 ineptit

173 2271 216 2302 16
248 2267 559 2312 penthiminerem
584 2268 607 2309 f
631 2266 929 2311 pentimemerim
960 2270 1034 2300 cett.
1182 2268 1226 2299 20
1252 2264 1520 2309 arboribusque

172 2315 289 2360 come]
318 2326 382 2349 om.
405 2315 459 2358 αἴ
574 2319 615 2348 21
645 2315 745 2348 (1)Δέ
772 2328 792 2359 y
799 2314 823 2357 f
842 2314 912 2348 ode
937 2327 961 2347 α
1084 2316 1126 2346 22
1153 2312 1335 2347 iambicus
1356 2316 1440 2356 post
1464 2312 1520 2345 di·-

171 2364 289 2397 meter
314 2374 378 2397 om.
401 2362 474 2405 afj
