1664 2563
595 658 749 696 CARM.
776 659 817 696 Π
846 662 865 697 1

392 762 666 816 [PARANETICE
699 777 963 803 TETRACOLOS
997 761 1069 818 (A]

173 868 342 899 METRVM
385 872 593 899 ALCArcvM
636 872 795 899 DVOBVS
839 872 1051 910 vssnslssvs,
1101 872 1270 898 TERTIVS
1314 873 1404 898 IAM-

7 951 10 955 ,
56 931 173 958 mcvs
205 931 633 968 YPERCATALECTICVS,
666 932 850 962 QVARTVS
882 932 1123 958 PINDAchvs
1159 916 1334 973 (ΑΒΓα

173 979 236 1016 Ad
278 979 461 1017 Asinium
499 979 717 1018 Pollionem
761 979 897 1017 scribit
940 981 1184 1018 consularem
1227 981 1404 1029 poeticae

55 1042 95 1077 et
134 1039 351 1077 rethoricae
388 1039 578 1089 peritum⁷
622 1038 915 1077 scribendarum
954 1041 1074 1077 etiam
1111 1040 1405 1090 tragoediarum

56 1098 187 1137 studio
219 1098 397 1146 doctum,
435 1100 499 1147 ut,
531 1099 601 1147 qui
632 1098 726 1136 belli
758 1099 887 1136 ciuilis
918 1099 1126 1137 historiam
1158 1100 1261 1136 inter
1291 1099 1405 1137 Pom-

54 1159 188 1207 peium
226 1160 265 1195 et
297 1156 502 1195 Caesarem
541 1159 641 1207 gesti
680 1158 846 1196 scribere
885 1155 1137 1208 c<o>eperat‚
1177 1159 1293 1196 sciret
1323 1172 1405 1196 rem

57 1230 96 1255 se
129 1217 331 1255 inchoasse
363 1217 637 1266 periculosam,
670 1219 709 1255 et
739 1218 780 1254 in
807 1218 895 1266 ipsa
921 1218 1187 1256 admonitione
1213 1217 1406 1255 bellorum

57 1277 235 1314 ciuilium
273 1277 540 1314 calamitatem
576 1278 697 1314 lesert
729 1290 752 1314 a
782 1276 942 1314 Lentuli
981 1279 1020 1315 et
1050 1278 1228 1315 Marcelli
1266 1289 1404 1315 consu-

56 1337 143 1373 latu
187 1332 440 1393 c<o>eptam,
485 1349 603 1384 quam
648 1336 766 1373 altius
810 1337 972 1386 repetit⁷
1014 1337 1117 1374 idest
1161 1350 1184 1375 a
1220 1337 1406 1374 Marcello

60 1391 149 1447 (legs.
186 1395 347 1433 Metello
391 1407 477 1432 cum
510 1390 669 1445 Poaeple)
716 1395 846 1433 Celere
892 1399 930 1433 et
972 1396 1138 1434 Afianio
1182 1396 1407 1434 consulibus

59 1450 321 1506 (AFVcons.
341 1455 480 1502 Pmph.

180 1508 223 1552 1.
264 1525 407 1551 MOTVM
439 1526 491 1550 Ex
522 1525 712 1551 METELLO
740 1526 774 1552 c.
803 1510 856 1565 0.]
907 1514 965 1551 Ex
991 1514 1150 1552 Metello
1182 1515 1282 1563 ideo⁷
1314 1515 1408 1563 quia

60 1572 181 1610 Sillae
225 1573 303 1610 fuit
346 1573 506 1623 collega.
571 1572 751 1611 Ciuicum
795 1576 925 1612 autem
970 1587 1041 1623 pro
1083 1575 1212 1621 ciuili3
1255 1576 1407 1611 ueteres

59 1634 163 1670 enim
208 1633 309 1670 sicut
345 1633 540 1670 hosticum
577 1645 648 1681 pro
685 1633 840 1682 hostili,
884 1634 942 1671 ita
980 1634 1150 1671 ciuicum
1187 1646 1259 1682 pro
1298 1633 1408 1670 ciuili

59 1691 245 1729 dixerunt
277 1686 334 1743 (A
344 1693 407 1729 Γα
423 1692 573 1730 Vcows.
592 1693 732 1740 Porple.
753 1695 898 1740 excepto
923 1694 1032 1730 initio

180 1746 223 1789 2.
280 1763 481 1794 BELLIQVE
521 1748 691 1802 CAVSAS]
753 1752 811 1790 Eo
850 1752 956 1800 quod
989 1751 1147 1790 Caesari
1185 1751 1408 1800 triumphus

60 1811 227 1860 negatus
259 1810 408 1848 bellum
440 1811 578 1848 fecerit
610 1806 711 1863 (AF
721 1812 757 1848 V

181 1962 200 1992 3
229 1958 372 1993 duobus
393 1980 436 1984 —-
458 1959 688 2006 pindaricus]
711 1972 776 1995 om.
800 1960 831 1993 A
931 1959 1074 1993 duobus
1099 1959 1268 1993 uersibus
1295 1958 1410 1993 alcai-

61 2016 144 2039 cum
177 2007 244 2040 Βα
277 2006 391 2050 (alch:
425 2008 462 2050 α)
608 2011 629 2040 4
654 2018 783 2052 yperc:
822 2009 882 2041 Γα
926 2006 1298 2041 brachicatalecticus
1325 2007 1361 2040 B

62 2056 82 2086 6
107 2052 291 2100 rethorice
317 2054 368 2100 A]
394 2054 576 2089 rethorice
602 2056 681 2099 ch
705 2054 889 2101 rethorice
914 2066 933 2089 r
1045 2054 1299 2099 tragediarum
1326 2056 1361 2088 A

62 2103 83 2134 8
122 2111 285 2134 cesarem
323 2102 358 2135 A
504 2105 523 2135 9
557 2102 658 2136 adm:
686 2103 776 2148 rep]
817 2101 1044 2136 amonitione
1079 2082 1126 2137 Ab
1160 2112 1274 2136 amm:
1303 2103 1367 2145 yV

64 2151 105 2181 11
133 2148 316 2194 marcelli]
343 2149 519 2183 mamerci
545 2151 680 2194 Porph.
797 2152 838 2183 15
867 2149 969 2183 ciuili
995 2150 1046 2203 A]
1074 2149 1184 2183 ciuile
1211 2150 1362 2192 1&ch

60 2196 206 2229 ueteres
227 2217 271 2221 —
293 2196 466 2230 dixerunt
492 2197 555 2242 Κ.]
588 2199 733 2231 ueteres
767 2196 865 2230 enim
891 2196 987 2231 sicut
1013 2197 1174 2231 ciuicum
1199 2207 1265 2241 pro
1293 2195 1410 2238 ciuili,

62 2241 118 2275 ita
151 2242 337 2277 hosticum
368 2255 434 2288 pro
467 2243 595 2278 hostili
628 2245 801 2278 dixerunt
826 2245 861 2279 A
886 2246 929 2278 ut
954 2244 1138 2279 hosticum
1165 2245 1251 2289 (ost:
1279 2245 1316 2287 α)
1343 2254 1408 2287 pro

62 2287 199 2324 hostile
225 2292 312 2334 (ost:
340 2293 377 2334 oc)
411 2291 583 2326 dixerunt
609 2293 760 2336 salop
906 2295 947 2326 18
976 2292 1093 2326 cesari
1118 2293 1154 2326 A
1250 2292 1409 2336 negatus

62 2335 273 2381 triumphus
302 2339 381 2373 FV

1434 1284 1479 1314 10
