<?xml version="1.0" encoding="UTF-8"?>
<!DOCTYPE html PUBLIC "-//W3C//DTD XHTML 1.0 Transitional//EN"
    "http://www.w3.org/TR/xhtml1/DTD/xhtml1-transitional.dtd">
<html xmlns="http://www.w3.org/1999/xhtml" xml:lang="en" lang="en">
 <head>
  <title>
</title>
<meta http-equiv="Content-Type" content="text/html;charset=utf-8" />
  <meta name='ocr-system' content='tesseract 3.04.00' />
  <meta name='ocr-capabilities' content='ocr_page ocr_carea ocr_par ocr_line ocrx_word'/>
</head>
<body>
  <div class='ocr_page' id='page_1' title='image "./pseudacronisscho01kelluoft_0053.png"; bbox 0 0 1664 2563; ppageno 0'>
   <div class='ocr_carea' id='block_1_1' title="bbox 709 46 1498 87">
    <p class='ocr_par' dir='ltr' id='par_1_1' title="bbox 709 46 1498 87">
     <span class='ocr_line' id='line_1_1' title="bbox 709 46 1498 87; baseline -0.001 -6"><span class='ocrx_word' id='word_1_1' title='bbox 709 46 852 81; x_wconf 76' lang='lat' dir='ltr'><strong><em>CARM.</em></strong></span> <span class='ocrx_word' id='word_1_2' title='bbox 873 46 889 79; x_wconf 88' lang='lat' dir='ltr'>I</span> <span class='ocrx_word' id='word_1_3' title='bbox 909 50 930 80; x_wconf 84' lang='lat'>4</span> <span class='ocrx_word' id='word_1_4' title='bbox 1439 46 1498 87; x_wconf 84' lang='lat'>33</span> 
     </span>
    </p>
   </div>
   <div class='ocr_carea' id='block_1_2' title="bbox 141 153 1500 1284">
    <p class='ocr_par' dir='ltr' id='par_1_2' title="bbox 265 153 1168 211">
     <span class='ocr_line' id='line_1_2' title="bbox 265 153 1168 211; baseline -0.003 -13"><span class='ocrx_word' id='word_1_5' title='bbox 265 155 311 199; x_wconf 84' lang='lat'>4.</span> <span class='ocrx_word' id='word_1_6' title='bbox 345 156 481 210; x_wconf 71' lang='lat' dir='ltr'>oms]</span> <span class='ocrx_word' id='word_1_7' title='bbox 534 158 800 197; x_wconf 86' lang='lat' dir='ltr'>Candentibus</span> <span class='ocrx_word' id='word_1_8' title='bbox 834 153 1097 211; x_wconf 53' lang='grc' dir='ltr'>(ΑΓΘ-ᾖν)</span> <span class='ocrx_word' id='word_1_9' title='bbox 1113 171 1168 206; x_wconf 85' lang='grc'>61)</span> 
     </span>
    </p>

    <p class='ocr_par' dir='ltr' id='par_1_3' title="bbox 141 215 1498 690">
     <span class='ocr_line' id='line_1_3' title="bbox 265 215 1495 267; baseline -0.002 -10"><span class='ocrx_word' id='word_1_10' title='bbox 265 215 309 258; x_wconf 89' lang='lat'>5.</span> <span class='ocrx_word' id='word_1_11' title='bbox 358 231 432 257; x_wconf 86' lang='lat' dir='ltr'>IAM</span> <span class='ocrx_word' id='word_1_12' title='bbox 471 231 676 256; x_wconf 79' lang='lat' dir='ltr'>CITHEREA</span> <span class='ocrx_word' id='word_1_13' title='bbox 715 230 873 256; x_wconf 82' lang='lat' dir='ltr'>CHOROS</span> <span class='ocrx_word' id='word_1_14' title='bbox 912 230 1036 256; x_wconf 79' lang='lat' dir='ltr'>Dvcrr</span> <span class='ocrx_word' id='word_1_15' title='bbox 1070 217 1218 267; x_wconf 79' lang='lat' dir='ltr'>VENVS]</span> <span class='ocrx_word' id='word_1_16' title='bbox 1278 217 1495 256; x_wconf 84' lang='lat' dir='ltr'>Clementia</span> 
     </span>
     <span class='ocr_line' id='line_1_4' title="bbox 144 278 1495 329; baseline -0.002 -12"><span class='ocrx_word' id='word_1_17' title='bbox 144 280 244 317; x_wconf 87' lang='lat' dir='ltr'>dicit</span> <span class='ocrx_word' id='word_1_18' title='bbox 274 279 463 329; x_wconf 88' lang='lat' dir='ltr'>temporis</span> <span class='ocrx_word' id='word_1_19' title='bbox 497 280 617 316; x_wconf 87' lang='lat' dir='ltr'>etiam</span> <span class='ocrx_word' id='word_1_20' title='bbox 650 278 699 316; x_wconf 88' lang='lat' dir='ltr'>ad</span> <span class='ocrx_word' id='word_1_21' title='bbox 730 278 867 315; x_wconf 91' lang='lat' dir='ltr'>ludum</span> <span class='ocrx_word' id='word_1_22' title='bbox 900 279 1050 316; x_wconf 88' lang='lat' dir='ltr'>animos</span> <span class='ocrx_word' id='word_1_23' title='bbox 1082 279 1259 326; x_wconf 88' lang='lat' dir='ltr'>inuitari,</span> <span class='ocrx_word' id='word_1_24' title='bbox 1291 279 1350 315; x_wconf 86' lang='lat' dir='ltr'>ita</span> <span class='ocrx_word' id='word_1_25' title='bbox 1381 280 1426 315; x_wconf 88' lang='lat' dir='ltr'>ut</span> <span class='ocrx_word' id='word_1_26' title='bbox 1454 279 1495 314; x_wconf 92' lang='lat' dir='ltr'>in</span> 
     </span>
     <span class='ocr_line' id='line_1_5' title="bbox 143 334 1497 389; baseline -0.001 -13"><span class='ocrx_word' id='word_1_27' title='bbox 143 340 300 377; x_wconf 88' lang='lat' dir='ltr'>noctem</span> <span class='ocrx_word' id='word_1_28' title='bbox 332 334 609 389; x_wconf 88' lang='lat' dir='ltr'>salta[n]tibus</span> <span class='ocrx_word' id='word_1_29' title='bbox 642 340 785 375; x_wconf 90' lang='lat' dir='ltr'>uacent</span> <span class='ocrx_word' id='word_1_30' title='bbox 815 338 1064 387; x_wconf 86' lang='lat' dir='ltr'>uoluptatem</span> <span class='ocrx_word' id='word_1_31' title='bbox 1095 338 1298 386; x_wconf 72' lang='lat' dir='ltr'>satiantes,</span> <span class='ocrx_word' id='word_1_32' title='bbox 1330 338 1432 375; x_wconf 92' lang='lat' dir='ltr'>unde</span> <span class='ocrx_word' id='word_1_33' title='bbox 1459 340 1497 375; x_wconf 90' lang='lat' dir='ltr'>et</span> 
     </span>
     <span class='ocr_line' id='line_1_6' title="bbox 143 397 1497 448; baseline 0 -14"><span class='ocrx_word' id='word_1_34' title='bbox 143 398 338 436; x_wconf 82' lang='lat' dir='ltr'>Venerem</span> <span class='ocrx_word' id='word_1_35' title='bbox 375 399 518 448; x_wconf 85' lang='lat' dir='ltr'>posuit.</span> <span class='ocrx_word' id='word_1_36' title='bbox 582 397 657 435; x_wconf 86' lang='lat' dir='ltr'>Per</span> <span class='ocrx_word' id='word_1_37' title='bbox 687 398 893 447; x_wconf 80' lang='lat' dir='ltr'>Nymphas</span> <span class='ocrx_word' id='word_1_38' title='bbox 934 400 1066 435; x_wconf 88' lang='lat' dir='ltr'>autem</span> <span class='ocrx_word' id='word_1_39' title='bbox 1102 398 1285 445; x_wconf 86' lang='lat' dir='ltr'>mulieres</span> <span class='ocrx_word' id='word_1_40' title='bbox 1318 397 1497 447; x_wconf 75' lang='lat' dir='ltr'>intellegi</span> 
     </span>
     <span class='ocr_line' id='line_1_7' title="bbox 143 456 1496 508; baseline -0.001 -13"><span class='ocrx_word' id='word_1_41' title='bbox 143 458 289 507; x_wconf 89' lang='lat' dir='ltr'>uoluit,</span> <span class='ocrx_word' id='word_1_42' title='bbox 332 471 402 508; x_wconf 87' lang='lat' dir='ltr'>per</span> <span class='ocrx_word' id='word_1_43' title='bbox 440 456 597 495; x_wconf 82' lang='lat' dir='ltr'>Gratias</span> <span class='ocrx_word' id='word_1_44' title='bbox 641 458 825 508; x_wconf 84' lang='lat' dir='ltr'>uirgines.</span> <span class='ocrx_word' id='word_1_45' title='bbox 894 457 978 495; x_wconf 90' lang='lat' dir='ltr'>Ista</span> <span class='ocrx_word' id='word_1_46' title='bbox 1018 457 1123 494; x_wconf 92' lang='lat' dir='ltr'>enim</span> <span class='ocrx_word' id='word_1_47' title='bbox 1160 459 1366 506; x_wconf 87' lang='lat' dir='ltr'>tamquam</span> <span class='ocrx_word' id='word_1_48' title='bbox 1403 457 1496 506; x_wconf 87' lang='lat' dir='ltr'>Epi-</span> 
     </span>
     <span class='ocr_line' id='line_1_8' title="bbox 143 516 1498 566; baseline -0.001 -11"><span class='ocrx_word' id='word_1_49' title='bbox 143 518 437 566; x_wconf 82' lang='lat' dir='ltr'>cureus&#39;ponit,</span> <span class='ocrx_word' id='word_1_50' title='bbox 469 517 636 555; x_wconf 78' lang='lat' dir='ltr'>suadens</span> <span class='ocrx_word' id='word_1_51' title='bbox 667 517 902 566; x_wconf 89' lang='lat' dir='ltr'>uoluptuose</span> <span class='ocrx_word' id='word_1_52' title='bbox 934 517 1149 554; x_wconf 90' lang='lat' dir='ltr'>uiuendum</span> <span class='ocrx_word' id='word_1_53' title='bbox 1180 529 1251 566; x_wconf 87' lang='lat' dir='ltr'>pro</span> <span class='ocrx_word' id='word_1_54' title='bbox 1277 516 1498 566; x_wconf 85' lang='lat' dir='ltr'>fragilitate</span> 
     </span>
     <span class='ocr_line' id='line_1_9' title="bbox 141 576 1498 626; baseline -0.001 -12"><span class='ocrx_word' id='word_1_55' title='bbox 141 578 269 626; x_wconf 90' lang='lat' dir='ltr'>uitae,</span> <span class='ocrx_word' id='word_1_56' title='bbox 312 590 383 614; x_wconf 87' lang='lat' dir='ltr'>nec</span> <span class='ocrx_word' id='word_1_57' title='bbox 425 577 819 626; x_wconf 83' lang='lat' dir='ltr'>praetermittendam</span> <span class='ocrx_word' id='word_1_58' title='bbox 857 576 1009 614; x_wconf 80' lang='lat' dir='ltr'>Venere</span> <span class='ocrx_word' id='word_1_59' title='bbox 1054 576 1257 614; x_wconf 83' lang='lat' dir='ltr'>adridente</span> <span class='ocrx_word' id='word_1_60' title='bbox 1300 576 1498 614; x_wconf 81' lang='lat' dir='ltr'>laetitiam</span> 
     </span>
     <span class='ocr_line' id='line_1_10' title="bbox 144 631 624 690; baseline 0 -16"><span class='ocrx_word' id='word_1_61' title='bbox 144 631 202 690; x_wconf 88' lang='lat' dir='ltr'>(A</span> <span class='ocrx_word' id='word_1_62' title='bbox 210 633 259 674; x_wconf 84' lang='grc' dir='ltr'>Γ’</span> <span class='ocrx_word' id='word_1_63' title='bbox 274 631 440 689; x_wconf 74' lang='lat' dir='ltr'>(raLv)</span> <span class='ocrx_word' id='word_1_64' title='bbox 455 648 555 674; x_wconf 70' lang='lat' dir='ltr'>cons.</span> <span class='ocrx_word' id='word_1_65' title='bbox 569 648 624 684; x_wconf 73' lang='grc'>619</span> 
     </span>
    </p>

    <p class='ocr_par' dir='ltr' id='par_1_4' title="bbox 262 690 1324 748">
     <span class='ocr_line' id='line_1_11' title="bbox 262 690 1324 748; baseline -0.001 -15"><span class='ocrx_word' id='word_1_66' title='bbox 262 692 509 747; x_wconf 82' lang='lat' dir='ltr'>IMMINENTE]</span> <span class='ocrx_word' id='word_1_67' title='bbox 566 696 924 745; x_wconf 86' lang='lat' dir='ltr'>Appropinquante</span> <span class='ocrx_word' id='word_1_68' title='bbox 958 691 1015 748; x_wconf 85' lang='lat' dir='ltr'>(A</span> <span class='ocrx_word' id='word_1_69' title='bbox 1023 692 1072 732; x_wconf 80' lang='lat' dir='ltr'>F‘</span> <span class='ocrx_word' id='word_1_70' title='bbox 1087 690 1252 747; x_wconf 77' lang='lat' dir='ltr'>(roch)</span> <span class='ocrx_word' id='word_1_71' title='bbox 1269 707 1287 732; x_wconf 92' lang='grc'><em>6</em></span> <span class='ocrx_word' id='word_1_72' title='bbox 1294 707 1324 742; x_wconf 76' lang='lat' dir='ltr'>p</span> 
     </span>
    </p>

    <p class='ocr_par' dir='ltr' id='par_1_5' title="bbox 144 751 1498 867">
     <span class='ocr_line' id='line_1_12' title="bbox 267 751 1498 806; baseline -0.002 -13"><span class='ocrx_word' id='word_1_73' title='bbox 267 751 309 794; x_wconf 82' lang='grc'>7.</span> <span class='ocrx_word' id='word_1_74' title='bbox 341 767 529 793; x_wconf 78' lang='lat' dir='ltr'>ALTER-No</span> <span class='ocrx_word' id='word_1_75' title='bbox 562 768 727 792; x_wconf 81' lang='lat' dir='ltr'><strong><em>TERRAM</em></strong></span> <span class='ocrx_word' id='word_1_76' title='bbox 761 751 983 806; x_wconf 80' lang='lat' dir='ltr'>QVATIVNT]</span> <span class='ocrx_word' id='word_1_77' title='bbox 1042 755 1118 793; x_wconf 85' lang='lat' dir='ltr'>Pro</span> <span class='ocrx_word' id='word_1_78' title='bbox 1150 767 1245 793; x_wconf 89' lang='lat' dir='ltr'>sono</span> <span class='ocrx_word' id='word_1_79' title='bbox 1278 755 1498 792; x_wconf 80' lang='lat' dir='ltr'>cantilenae</span> 
     </span>
     <span class='ocr_line' id='line_1_13' title="bbox 144 809 1132 867; baseline -0.001 -15"><span class='ocrx_word' id='word_1_80' title='bbox 144 815 194 853; x_wconf 90' lang='lat' dir='ltr'>ad</span> <span class='ocrx_word' id='word_1_81' title='bbox 225 816 416 852; x_wconf 86' lang='lat' dir='ltr'>rithmum</span> <span class='ocrx_word' id='word_1_82' title='bbox 448 815 546 864; x_wconf 89' lang='lat' dir='ltr'>pede</span> <span class='ocrx_word' id='word_1_83' title='bbox 579 816 763 853; x_wconf 85' lang='lat' dir='ltr'>ferientes</span> <span class='ocrx_word' id='word_1_84' title='bbox 799 810 913 867; x_wconf 80' lang='lat' dir='ltr'>(AF&#39;</span> <span class='ocrx_word' id='word_1_85' title='bbox 928 809 1061 867; x_wconf 80' lang='lat' dir='ltr'>(er)</span> <span class='ocrx_word' id='word_1_86' title='bbox 1077 826 1132 862; x_wconf 70' lang='grc'>613</span> 
     </span>
    </p>

    <p class='ocr_par' dir='ltr' id='par_1_6' title="bbox 264 869 1290 927">
     <span class='ocr_line' id='line_1_14' title="bbox 264 869 1290 927; baseline -0.002 -14"><span class='ocrx_word' id='word_1_87' title='bbox 264 871 431 925; x_wconf 51' lang='lat' dir='ltr'>Gravis]</span> <span class='ocrx_word' id='word_1_88' title='bbox 488 874 563 913; x_wconf 92' lang='lat' dir='ltr'>Pro</span> <span class='ocrx_word' id='word_1_89' title='bbox 596 875 723 923; x_wconf 87' lang='lat' dir='ltr'>operis</span> <span class='ocrx_word' id='word_1_90' title='bbox 755 875 889 912; x_wconf 88' lang='lat' dir='ltr'>labore</span> <span class='ocrx_word' id='word_1_91' title='bbox 924 869 1219 927; x_wconf 64' lang='lat' dir='ltr'>(AF&#39;(=roch)</span> <span class='ocrx_word' id='word_1_92' title='bbox 1235 886 1290 921; x_wconf 74' lang='grc'>610</span> 
     </span>
    </p>

    <p class='ocr_par' dir='ltr' id='par_1_7' title="bbox 145 928 1499 1105">
     <span class='ocr_line' id='line_1_15' title="bbox 263 928 1499 985; baseline -0.002 -12"><span class='ocrx_word' id='word_1_93' title='bbox 263 929 309 973; x_wconf 83' lang='grc'>9.</span> <span class='ocrx_word' id='word_1_94' title='bbox 365 946 537 971; x_wconf 82' lang='lat' dir='ltr'>NITIDVM</span> <span class='ocrx_word' id='word_1_95' title='bbox 595 930 745 985; x_wconf 83' lang='lat' dir='ltr'>CAPVT]</span> <span class='ocrx_word' id='word_1_96' title='bbox 825 933 1049 984; x_wconf 82' lang='lat' dir='ltr'>Vnguentis</span> <span class='ocrx_word' id='word_1_97' title='bbox 1107 933 1326 971; x_wconf 89' lang='lat' dir='ltr'>delibutum</span> <span class='ocrx_word' id='word_1_98' title='bbox 1384 928 1499 985; x_wconf 81' lang='lat' dir='ltr'>(AF‘</span> 
     </span>
     <span class='ocr_line' id='line_1_16' title="bbox 163 1005 341 1041; baseline 0 -10"><span class='ocrx_word' id='word_1_99' title='bbox 163 1007 246 1031; x_wconf 76' lang='lat' dir='ltr'>rav</span> <span class='ocrx_word' id='word_1_100' title='bbox 286 1005 341 1041; x_wconf 73' lang='lat' dir='ltr'>cp</span> 
     </span>
     <span class='ocr_line' id='line_1_17' title="bbox 145 988 1250 1105; baseline -0.001 -15"><span class='ocrx_word' id='word_1_101' title='bbox 145 988 162 1047; x_wconf 65' lang='grc'>&lt;</span> <span class='ocrx_word' id='word_1_102' title='bbox 247 988 458 1090; x_wconf 59' lang='lat' dir='ltr'>&gt;num-Dum</span> <span class='ocrx_word' id='word_1_103' title='bbox 490 1049 637 1104; x_wconf 80' lang='lat' dir='ltr'>MIRTO]</span> <span class='ocrx_word' id='word_1_104' title='bbox 689 1052 886 1091; x_wconf 86' lang='lat' dir='ltr'>Coronare</span> <span class='ocrx_word' id='word_1_105' title='bbox 920 1047 1172 1105; x_wconf 69' lang='lat' dir='ltr'>(AF&#39;(⁷·av)</span> <span class='ocrx_word' id='word_1_106' title='bbox 1195 1064 1250 1099; x_wconf 80' lang='grc'>610</span> 
     </span>
    </p>

    <p class='ocr_par' dir='ltr' id='par_1_8' title="bbox 143 1107 1500 1284">
     <span class='ocr_line' id='line_1_18' title="bbox 265 1107 1500 1163; baseline -0.001 -13"><span class='ocrx_word' id='word_1_107' title='bbox 265 1107 341 1152; x_wconf 86' lang='grc'>10.</span> <span class='ocrx_word' id='word_1_108' title='bbox 375 1109 591 1163; x_wconf 69' lang='grc' dir='ltr'><em>ΤΕ111κΑ&gt;Ε</em></span> <span class='ocrx_word' id='word_1_109' title='bbox 624 1125 735 1156; x_wconf 82' lang='lat' dir='ltr'><strong>QVEM</strong></span> <span class='ocrx_word' id='word_1_110' title='bbox 766 1125 926 1151; x_wconf 82' lang='lat' dir='ltr'>FERVNT</span> <span class='ocrx_word' id='word_1_111' title='bbox 953 1109 1156 1163; x_wconf 82' lang='lat' dir='ltr'>SOLVTAE]</span> <span class='ocrx_word' id='word_1_112' title='bbox 1190 1111 1348 1150; x_wconf 82' lang='lat' dir='ltr'>Solutas</span> <span class='ocrx_word' id='word_1_113' title='bbox 1374 1114 1500 1150; x_wconf 88' lang='lat' dir='ltr'>terras</span> 
     </span>
     <span class='ocr_line' id='line_1_19' title="bbox 143 1172 1500 1222; baseline -0.001 -12"><span class='ocrx_word' id='word_1_114' title='bbox 143 1173 288 1210; x_wconf 86' lang='lat' dir='ltr'>liberas</span> <span class='ocrx_word' id='word_1_115' title='bbox 321 1173 438 1221; x_wconf 80' lang='lat' dir='ltr'>dixit,</span> <span class='ocrx_word' id='word_1_116' title='bbox 469 1173 543 1211; x_wconf 90' lang='lat' dir='ltr'>hoc</span> <span class='ocrx_word' id='word_1_117' title='bbox 576 1175 635 1210; x_wconf 90' lang='lat' dir='ltr'>est</span> <span class='ocrx_word' id='word_1_118' title='bbox 666 1173 848 1210; x_wconf 88' lang='lat' dir='ltr'>incultas.</span> <span class='ocrx_word' id='word_1_119' title='bbox 906 1173 1011 1210; x_wconf 83' lang='lat' dir='ltr'>Nam</span> <span class='ocrx_word' id='word_1_120' title='bbox 1043 1172 1263 1222; x_wconf 86' lang='lat' dir='ltr'>Vergilius,</span> <span class='ocrx_word' id='word_1_121' title='bbox 1296 1172 1389 1209; x_wconf 89' lang='lat' dir='ltr'>dum</span> <span class='ocrx_word' id='word_1_122' title='bbox 1421 1172 1500 1209; x_wconf 90' lang='lat' dir='ltr'>cul—</span> 
     </span>
     <span class='ocr_line' id='line_1_20' title="bbox 143 1227 1061 1284; baseline 0.001 -15"><span class='ocrx_word' id='word_1_123' title='bbox 143 1234 275 1270; x_wconf 87' lang='lat' dir='ltr'>turam</span> <span class='ocrx_word' id='word_1_124' title='bbox 308 1233 547 1281; x_wconf 87' lang='lat' dir='ltr'>loqueretur,</span> <span class='ocrx_word' id='word_1_125' title='bbox 580 1228 719 1283; x_wconf 78' lang='lat' dir='ltr'>[dixit]</span> <span class='ocrx_word' id='word_1_126' title='bbox 753 1228 893 1284; x_wconf 69' lang='lat' dir='ltr'>(yeory.</span> <span class='ocrx_word' id='word_1_127' title='bbox 921 1232 941 1269; x_wconf 90' lang='lat' dir='ltr'>I</span> <span class='ocrx_word' id='word_1_128' title='bbox 969 1227 1061 1284; x_wconf 80' lang='lat'>99):</span> 
     </span>
    </p>
   </div>
   <div class='ocr_carea' id='block_1_3' title="bbox 292 1304 1467 1353">
    <p class='ocr_par' dir='ltr' id='par_1_9' title="bbox 292 1304 1467 1353">
     <span class='ocr_line' id='line_1_21' title="bbox 292 1304 1467 1353; baseline -0.001 -12"><span class='ocrx_word' id='word_1_129' title='bbox 292 1304 536 1352; x_wconf 83' lang='lat' dir='ltr'>Exercetque</span> <span class='ocrx_word' id='word_1_130' title='bbox 567 1305 749 1353; x_wconf 85' lang='lat' dir='ltr'>frequens</span> <span class='ocrx_word' id='word_1_131' title='bbox 782 1304 965 1342; x_wconf 91' lang='lat' dir='ltr'>tellurem</span> <span class='ocrx_word' id='word_1_132' title='bbox 998 1306 1116 1353; x_wconf 87' lang='lat' dir='ltr'>atque</span> <span class='ocrx_word' id='word_1_133' title='bbox 1148 1304 1319 1352; x_wconf 88' lang='lat' dir='ltr'>imperat</span> <span class='ocrx_word' id='word_1_134' title='bbox 1351 1304 1467 1340; x_wconf 90' lang='lat' dir='ltr'>aruis.</span> 
     </span>
    </p>
   </div>
   <div class='ocr_carea' id='block_1_4' title="bbox 144 1382 1143 1440">
    <p class='ocr_par' dir='ltr' id='par_1_10' title="bbox 144 1382 1143 1440">
     <span class='ocr_line' id='line_1_22' title="bbox 144 1382 1143 1440; baseline 0.001 -17"><span class='ocrx_word' id='word_1_135' title='bbox 144 1386 254 1424; x_wconf 89' lang='lat' dir='ltr'>Idem</span> <span class='ocrx_word' id='word_1_136' title='bbox 286 1387 437 1424; x_wconf 90' lang='lat' dir='ltr'>inculta</span> <span class='ocrx_word' id='word_1_137' title='bbox 468 1388 619 1425; x_wconf 84' lang='lat' dir='ltr'>iniussa</span> <span class='ocrx_word' id='word_1_138' title='bbox 651 1388 709 1424; x_wconf 90' lang='lat' dir='ltr'>ait</span> <span class='ocrx_word' id='word_1_139' title='bbox 741 1382 881 1440; x_wconf 68' lang='lat'>(9607-9.</span> <span class='ocrx_word' id='word_1_140' title='bbox 909 1387 929 1424; x_wconf 86' lang='grc' dir='ltr'><strong>Ι</strong></span> <span class='ocrx_word' id='word_1_141' title='bbox 957 1388 1023 1435; x_wconf 82' lang='lat'>55,</span> <span class='ocrx_word' id='word_1_142' title='bbox 1051 1382 1143 1439; x_wconf 82' lang='lat'>56):</span> 
     </span>
    </p>
   </div>
   <div class='ocr_carea' id='block_1_5' title="bbox 360 1459 1252 1556">
    <p class='ocr_par' dir='ltr' id='par_1_11' title="bbox 360 1459 1252 1556">
     <span class='ocr_line' id='line_1_23' title="bbox 862 1459 1252 1496; baseline -0.003 0"><span class='ocrx_word' id='word_1_143' title='bbox 862 1459 1019 1496; x_wconf 87' lang='lat' dir='ltr'>Iniussa</span> <span class='ocrx_word' id='word_1_144' title='bbox 1050 1459 1252 1496; x_wconf 87' lang='lat' dir='ltr'>uirescunt</span> 
     </span>
     <span class='ocr_line' id='line_1_24' title="bbox 360 1517 560 1556; baseline 0.005 -1"><span class='ocrx_word' id='word_1_145' title='bbox 360 1517 560 1556; x_wconf 83' lang='lat' dir='ltr'>Gramina.</span> 
     </span>
    </p>
   </div>
   <div class='ocr_carea' id='block_1_6' title="bbox 144 1601 1501 1651">
    <p class='ocr_par' dir='ltr' id='par_1_12' title="bbox 144 1601 1501 1651">
     <span class='ocr_line' id='line_1_25' title="bbox 144 1601 1501 1651; baseline -0.001 -13"><span class='ocrx_word' id='word_1_146' title='bbox 144 1601 280 1639; x_wconf 88' lang='lat' dir='ltr'>Potest</span> <span class='ocrx_word' id='word_1_147' title='bbox 324 1603 363 1639; x_wconf 92' lang='lat' dir='ltr'>et</span> <span class='ocrx_word' id='word_1_148' title='bbox 406 1602 536 1639; x_wconf 87' lang='lat' dir='ltr'>soluta</span> <span class='ocrx_word' id='word_1_149' title='bbox 579 1604 686 1639; x_wconf 88' lang='lat' dir='ltr'>terra</span> <span class='ocrx_word' id='word_1_150' title='bbox 731 1604 869 1651; x_wconf 90' lang='lat' dir='ltr'>aperta</span> <span class='ocrx_word' id='word_1_151' title='bbox 912 1603 993 1639; x_wconf 89' lang='lat' dir='ltr'>iam</span> <span class='ocrx_word' id='word_1_152' title='bbox 1037 1615 1128 1639; x_wconf 83' lang='lat' dir='ltr'>uere</span> <span class='ocrx_word' id='word_1_153' title='bbox 1166 1602 1365 1651; x_wconf 68' lang='lat' dir='ltr'>intellegi,</span> <span class='ocrx_word' id='word_1_154' title='bbox 1409 1613 1501 1637; x_wconf 88' lang='lat' dir='ltr'>nam</span> 
     </span>
    </p>
   </div>
   <div class='ocr_carea' id='block_1_7' title="bbox 144 1661 1500 1773">
    <p class='ocr_par' dir='ltr' id='par_1_13' title="bbox 144 1661 1500 1773">
     <span class='ocr_line' id='line_1_26' title="bbox 144 1661 1500 1711; baseline -0.001 -14"><span class='ocrx_word' id='word_1_155' title='bbox 144 1673 216 1710; x_wconf 87' lang='lat' dir='ltr'>pro</span> <span class='ocrx_word' id='word_1_156' title='bbox 265 1661 509 1710; x_wconf 87' lang='lat' dir='ltr'>temporibus</span> <span class='ocrx_word' id='word_1_157' title='bbox 561 1663 599 1699; x_wconf 90' lang='lat' dir='ltr'>et</span> <span class='ocrx_word' id='word_1_158' title='bbox 648 1663 819 1710; x_wconf 82' lang='lat' dir='ltr'>patescit</span> <span class='ocrx_word' id='word_1_159' title='bbox 864 1664 902 1699; x_wconf 93' lang='lat' dir='ltr'>et</span> <span class='ocrx_word' id='word_1_160' title='bbox 946 1661 1162 1709; x_wconf 87' lang='lat' dir='ltr'>clauditur,</span> <span class='ocrx_word' id='word_1_161' title='bbox 1212 1664 1257 1698; x_wconf 92' lang='lat' dir='ltr'>ut</span> <span class='ocrx_word' id='word_1_162' title='bbox 1300 1661 1500 1711; x_wconf 82' lang='lat' dir='ltr'>Vergilius</span> 
     </span>
     <span class='ocr_line' id='line_1_27' title="bbox 145 1715 503 1773; baseline -0.003 -15"><span class='ocrx_word' id='word_1_163' title='bbox 145 1715 285 1773; x_wconf 71' lang='lat' dir='ltr'>(yeory.</span> <span class='ocrx_word' id='word_1_164' title='bbox 314 1720 354 1757; x_wconf 92' lang='lat' dir='ltr'>II</span> <span class='ocrx_word' id='word_1_165' title='bbox 381 1715 503 1773; x_wconf 77' lang='lat'><strong>324):</strong></span> 
     </span>
    </p>
   </div>
   <div class='ocr_carea' id='block_1_8' title="bbox 144 1833 1501 2357">
    <p class='ocr_par' dir='ltr' id='par_1_14' title="bbox 144 1833 1501 2357">
     <span class='ocr_line' id='line_1_28' title="bbox 265 1833 1500 1880; baseline -0.001 -12"><span class='ocrx_word' id='word_1_166' title='bbox 265 1837 286 1867; x_wconf 80' lang='lat'>4</span> <span class='ocrx_word' id='word_1_167' title='bbox 307 1833 506 1868; x_wconf 85' lang='lat' dir='ltr'>saltatibus</span> <span class='ocrx_word' id='word_1_168' title='bbox 524 1834 588 1880; x_wconf 80' lang='lat' dir='ltr'>K]</span> <span class='ocrx_word' id='word_1_169' title='bbox 612 1834 838 1868; x_wconf 83' lang='lat' dir='ltr'>saltantibus</span> <span class='ocrx_word' id='word_1_170' title='bbox 858 1834 959 1868; x_wconf 86' lang='lat' dir='ltr'>codd.</span> <span class='ocrx_word' id='word_1_171' title='bbox 1058 1833 1293 1879; x_wconf 88' lang='lat' dir='ltr'>uoluptatem</span> <span class='ocrx_word' id='word_1_172' title='bbox 1321 1833 1500 1868; x_wconf 80' lang='lat' dir='ltr'>satiantes</span> 
     </span>
     <span class='ocr_line' id='line_1_29' title="bbox 145 1881 1501 1927; baseline -0.001 -11"><span class='ocrx_word' id='word_1_173' title='bbox 145 1882 228 1916; x_wconf 76' lang='lat' dir='ltr'>edit.</span> <span class='ocrx_word' id='word_1_174' title='bbox 249 1886 317 1916; x_wconf 65' lang='grc' dir='ltr'>πεῖ.</span> <span class='ocrx_word' id='word_1_175' title='bbox 339 1886 372 1916; x_wconf 81' lang='lat' dir='ltr'>et</span> <span class='ocrx_word' id='word_1_176' title='bbox 396 1883 521 1927; x_wconf 75' lang='lat' dir='ltr'>Pauly</span> <span class='ocrx_word' id='word_1_177' title='bbox 618 1882 815 1926; x_wconf 88' lang='lat' dir='ltr'>uoluptate</span> <span class='ocrx_word' id='word_1_178' title='bbox 846 1881 1008 1916; x_wconf 86' lang='lat' dir='ltr'>faciente</span> <span class='ocrx_word' id='word_1_179' title='bbox 1034 1883 1140 1916; x_wconf 80' lang='grc' dir='ltr'>ΑΓα</span> <span class='ocrx_word' id='word_1_180' title='bbox 1184 1881 1420 1926; x_wconf 86' lang='lat' dir='ltr'>uoluptatem</span> <span class='ocrx_word' id='word_1_181' title='bbox 1446 1881 1501 1915; x_wconf 85' lang='lat' dir='ltr'>fa-</span> 
     </span>
     <span class='ocr_line' id='line_1_30' title="bbox 146 1929 1501 1974; baseline -0.001 -11"><span class='ocrx_word' id='word_1_182' title='bbox 146 1929 267 1963; x_wconf 85' lang='lat' dir='ltr'>ciente</span> <span class='ocrx_word' id='word_1_183' title='bbox 294 1940 359 1974; x_wconf 75' lang='lat' dir='ltr'>cp,</span> <span class='ocrx_word' id='word_1_184' title='bbox 387 1930 540 1964; x_wconf 69' lang='lat' dir='ltr'>euanuit.</span> <span class='ocrx_word' id='word_1_185' title='bbox 565 1943 597 1972; x_wconf 80' lang='grc' dir='ltr'>ν,</span> <span class='ocrx_word' id='word_1_186' title='bbox 624 1930 860 1974; x_wconf 84' lang='lat' dir='ltr'>uoluptatem</span> <span class='ocrx_word' id='word_1_187' title='bbox 886 1929 1066 1963; x_wconf 84' lang='lat' dir='ltr'>facientes</span> <span class='ocrx_word' id='word_1_188' title='bbox 1092 1930 1263 1964; x_wconf 75' lang='lat' dir='ltr'>Hauthal</span> <span class='ocrx_word' id='word_1_189' title='bbox 1361 1933 1380 1963; x_wconf 84' lang='lat'>5</span> <span class='ocrx_word' id='word_1_190' title='bbox 1407 1929 1501 1962; x_wconf 90' lang='lat' dir='ltr'>nim-</span> 
     </span>
     <span class='ocr_line' id='line_1_31' title="bbox 145 1976 1498 2022; baseline 0.001 -12"><span class='ocrx_word' id='word_1_191' title='bbox 145 1976 241 2021; x_wconf 87' lang='lat' dir='ltr'>phas</span> <span class='ocrx_word' id='word_1_192' title='bbox 261 1977 297 2011; x_wconf 97' lang='lat' dir='ltr'><strong><em>A</em></strong></span> <span class='ocrx_word' id='word_1_193' title='bbox 396 1980 415 2010; x_wconf 87' lang='grc'>8</span> <span class='ocrx_word' id='word_1_194' title='bbox 442 1977 566 2011; x_wconf 73' lang='lat' dir='ltr'>letitia</span> <span class='ocrx_word' id='word_1_195' title='bbox 593 1978 628 2012; x_wconf 88' lang='lat' dir='ltr'><strong><em>A</em></strong></span> <span class='ocrx_word' id='word_1_196' title='bbox 727 1982 768 2011; x_wconf 86' lang='lat'>11</span> <span class='ocrx_word' id='word_1_197' title='bbox 798 1977 984 2011; x_wconf 88' lang='lat' dir='ltr'>cantilene</span> <span class='ocrx_word' id='word_1_198' title='bbox 1010 1979 1045 2011; x_wconf 86' lang='lat' dir='ltr'><strong><em>A</em></strong></span> <span class='ocrx_word' id='word_1_199' title='bbox 1146 1981 1187 2011; x_wconf 78' lang='lat'>12</span> <span class='ocrx_word' id='word_1_200' title='bbox 1213 1977 1394 2011; x_wconf 87' lang='lat' dir='ltr'>rithmum</span> <span class='ocrx_word' id='word_1_201' title='bbox 1419 1977 1498 2022; x_wconf 75' lang='lat' dir='ltr'>Av]</span> 
     </span>
     <span class='ocr_line' id='line_1_32' title="bbox 144 2024 1498 2070; baseline 0.001 -13"><span class='ocrx_word' id='word_1_202' title='bbox 144 2024 312 2058; x_wconf 76' lang='lat' dir='ltr'>rihthmfi</span> <span class='ocrx_word' id='word_1_203' title='bbox 327 2036 346 2059; x_wconf 75' lang='lat' dir='ltr'>r</span> <span class='ocrx_word' id='word_1_204' title='bbox 371 2024 566 2059; x_wconf 85' lang='lat' dir='ltr'>rithimum</span> <span class='ocrx_word' id='word_1_205' title='bbox 580 2026 672 2070; x_wconf 76' lang='lat' dir='ltr'>Lep</span> <span class='ocrx_word' id='word_1_206' title='bbox 742 2026 837 2070; x_wconf 85' lang='lat' dir='ltr'>pede</span> <span class='ocrx_word' id='word_1_207' title='bbox 857 2026 919 2070; x_wconf 78' lang='grc'><em>61)]</em></span> <span class='ocrx_word' id='word_1_208' title='bbox 941 2025 1076 2069; x_wconf 86' lang='lat' dir='ltr'>pedem</span> <span class='ocrx_word' id='word_1_209' title='bbox 1089 2024 1179 2060; x_wconf 78' lang='lat' dir='ltr'>AF&#39;</span> <span class='ocrx_word' id='word_1_210' title='bbox 1249 2024 1425 2060; x_wconf 85' lang='lat' dir='ltr'>ferientes</span> <span class='ocrx_word' id='word_1_211' title='bbox 1435 2025 1498 2069; x_wconf 79' lang='lat' dir='ltr'>K]</span> 
     </span>
     <span class='ocr_line' id='line_1_33' title="bbox 144 2071 1498 2119; baseline 0.001 -14"><span class='ocrx_word' id='word_1_212' title='bbox 144 2071 313 2106; x_wconf 87' lang='lat' dir='ltr'>ferientis</span> <span class='ocrx_word' id='word_1_213' title='bbox 339 2073 440 2107; x_wconf 78' lang='lat' dir='ltr'>codd.</span> <span class='ocrx_word' id='word_1_214' title='bbox 554 2077 596 2107; x_wconf 84' lang='lat'>18</span> <span class='ocrx_word' id='word_1_215' title='bbox 623 2073 693 2107; x_wconf 93' lang='lat' dir='ltr'>hoc</span> <span class='ocrx_word' id='word_1_216' title='bbox 720 2074 790 2119; x_wconf 90' lang='lat' dir='ltr'>est]</span> <span class='ocrx_word' id='word_1_217' title='bbox 819 2073 865 2107; x_wconf 76' lang='lat' dir='ltr'>he</span> <span class='ocrx_word' id='word_1_218' title='bbox 890 2074 925 2107; x_wconf 87' lang='lat' dir='ltr'><strong><em>A</em></strong></span> <span class='ocrx_word' id='word_1_219' title='bbox 1022 2073 1126 2118; x_wconf 88' lang='lat' dir='ltr'>nam]</span> <span class='ocrx_word' id='word_1_220' title='bbox 1152 2073 1251 2107; x_wconf 90' lang='lat' dir='ltr'>unde</span> <span class='ocrx_word' id='word_1_221' title='bbox 1278 2087 1301 2106; x_wconf 82' lang='grc' dir='ltr'><em>α</em></span> <span class='ocrx_word' id='word_1_222' title='bbox 1398 2072 1498 2117; x_wconf 75' lang='lat' dir='ltr'>uirg:</span> 
     </span>
     <span class='ocr_line' id='line_1_34' title="bbox 144 2120 1500 2166; baseline 0 -12"><span class='ocrx_word' id='word_1_223' title='bbox 144 2121 245 2154; x_wconf 82' lang='lat' dir='ltr'>codd.</span> <span class='ocrx_word' id='word_1_224' title='bbox 346 2120 449 2165; x_wconf 87' lang='lat' dir='ltr'>dum]</span> <span class='ocrx_word' id='word_1_225' title='bbox 478 2131 543 2155; x_wconf 85' lang='lat' dir='ltr'>om.</span> <span class='ocrx_word' id='word_1_226' title='bbox 565 2135 589 2155; x_wconf 77' lang='grc' dir='ltr'><em>α</em></span> <span class='ocrx_word' id='word_1_227' title='bbox 688 2121 874 2155; x_wconf 86' lang='lat' dir='ltr'>culturam</span> <span class='ocrx_word' id='word_1_228' title='bbox 900 2121 950 2166; x_wconf 87' lang='lat' dir='ltr'>A]</span> <span class='ocrx_word' id='word_1_229' title='bbox 979 2120 1135 2155; x_wconf 88' lang='lat' dir='ltr'>culturis</span> <span class='ocrx_word' id='word_1_230' title='bbox 1156 2135 1179 2155; x_wconf 80' lang='grc' dir='ltr'>α</span> <span class='ocrx_word' id='word_1_231' title='bbox 1207 2121 1252 2155; x_wconf 87' lang='lat' dir='ltr'>de</span> <span class='ocrx_word' id='word_1_232' title='bbox 1280 2120 1426 2155; x_wconf 88' lang='lat' dir='ltr'>cultura</span> <span class='ocrx_word' id='word_1_233' title='bbox 1453 2133 1500 2155; x_wconf 78' lang='grc' dir='ltr'>νν</span> 
     </span>
     <span class='ocr_line' id='line_1_35' title="bbox 145 2167 1500 2214; baseline 0.001 -13"><span class='ocrx_word' id='word_1_234' title='bbox 145 2167 192 2202; x_wconf 87' lang='lat' dir='ltr'>de</span> <span class='ocrx_word' id='word_1_235' title='bbox 219 2167 299 2212; x_wconf 82' lang='lat' dir='ltr'>agri</span> <span class='ocrx_word' id='word_1_236' title='bbox 326 2167 473 2202; x_wconf 84' lang='lat' dir='ltr'>cultura</span> <span class='ocrx_word' id='word_1_237' title='bbox 487 2180 516 2212; x_wconf 79' lang='grc' dir='ltr'>1ο</span> <span class='ocrx_word' id='word_1_238' title='bbox 546 2169 591 2203; x_wconf 89' lang='lat' dir='ltr'>de</span> <span class='ocrx_word' id='word_1_239' title='bbox 618 2169 848 2213; x_wconf 83' lang='lat' dir='ltr'>agricultura</span> <span class='ocrx_word' id='word_1_240' title='bbox 868 2179 886 2202; x_wconf 88' lang='lat' dir='ltr'>c</span> <span class='ocrx_word' id='word_1_241' title='bbox 984 2171 1026 2202; x_wconf 83' lang='lat'>19</span> <span class='ocrx_word' id='word_1_242' title='bbox 1049 2169 1160 2214; x_wconf 79' lang='lat' dir='ltr'>[dixit</span> <span class='ocrx_word' id='word_1_243' title='bbox 1180 2169 1214 2214; x_wconf 74' lang='lat' dir='ltr'>r]</span> <span class='ocrx_word' id='word_1_244' title='bbox 1236 2169 1299 2202; x_wconf 80' lang='lat' dir='ltr'>dx·</span> <span class='ocrx_word' id='word_1_245' title='bbox 1322 2182 1343 2202; x_wconf 83' lang='lat' dir='ltr'><em>v</em></span> <span class='ocrx_word' id='word_1_246' title='bbox 1370 2168 1463 2202; x_wconf 90' lang='lat' dir='ltr'>dicit</span> <span class='ocrx_word' id='word_1_247' title='bbox 1478 2182 1500 2202; x_wconf 70' lang='grc' dir='ltr'><em>α</em></span> 
     </span>
     <span class='ocr_line' id='line_1_36' title="bbox 145 2215 1500 2262; baseline 0 -13"><span class='ocrx_word' id='word_1_248' title='bbox 145 2215 201 2249; x_wconf 85' lang='lat' dir='ltr'>ait</span> <span class='ocrx_word' id='word_1_249' title='bbox 219 2226 269 2259; x_wconf 75' lang='lat' dir='ltr'>cp</span> <span class='ocrx_word' id='word_1_250' title='bbox 289 2226 354 2250; x_wconf 82' lang='lat' dir='ltr'>om.</span> <span class='ocrx_word' id='word_1_251' title='bbox 375 2217 411 2250; x_wconf 93' lang='lat' dir='ltr'><strong><em>A</em></strong></span> <span class='ocrx_word' id='word_1_252' title='bbox 511 2220 552 2250; x_wconf 80' lang='lat'>21</span> <span class='ocrx_word' id='word_1_253' title='bbox 580 2216 723 2250; x_wconf 88' lang='lat' dir='ltr'>inculta</span> <span class='ocrx_word' id='word_1_254' title='bbox 738 2218 783 2262; x_wconf 76' lang='lat' dir='ltr'>p]</span> <span class='ocrx_word' id='word_1_255' title='bbox 809 2216 952 2250; x_wconf 87' lang='lat' dir='ltr'>inculto</span> <span class='ocrx_word' id='word_1_256' title='bbox 972 2227 990 2250; x_wconf 87' lang='grc'><em>6</em></span> <span class='ocrx_word' id='word_1_257' title='bbox 1018 2216 1064 2251; x_wconf 87' lang='lat' dir='ltr'>de</span> <span class='ocrx_word' id='word_1_258' title='bbox 1084 2216 1227 2251; x_wconf 86' lang='lat' dir='ltr'>inculta</span> <span class='ocrx_word' id='word_1_259' title='bbox 1247 2217 1338 2251; x_wconf 78' lang='lat' dir='ltr'>Arv</span> <span class='ocrx_word' id='word_1_260' title='bbox 1366 2216 1500 2250; x_wconf 85' lang='lat' dir='ltr'>deinde</span> 
     </span>
     <span class='ocr_line' id='line_1_37' title="bbox 147 2262 1500 2309; baseline 0.001 -13"><span class='ocrx_word' id='word_1_261' title='bbox 147 2262 249 2296; x_wconf 88' lang='lat' dir='ltr'>culta</span> <span class='ocrx_word' id='word_1_262' title='bbox 275 2276 299 2296; x_wconf 80' lang='grc' dir='ltr'>α</span> <span class='ocrx_word' id='word_1_263' title='bbox 420 2263 562 2298; x_wconf 86' lang='lat' dir='ltr'>iniussa</span> <span class='ocrx_word' id='word_1_264' title='bbox 602 2265 657 2298; x_wconf 88' lang='lat' dir='ltr'>ait</span> <span class='ocrx_word' id='word_1_265' title='bbox 676 2265 719 2309; x_wconf 75' lang='grc'>1)]</span> <span class='ocrx_word' id='word_1_266' title='bbox 759 2266 802 2298; x_wconf 89' lang='lat' dir='ltr'>ut</span> <span class='ocrx_word' id='word_1_267' title='bbox 833 2275 851 2299; x_wconf 89' lang='grc'><em>6</em></span> <span class='ocrx_word' id='word_1_268' title='bbox 871 2275 935 2298; x_wconf 82' lang='lat' dir='ltr'>om.</span> <span class='ocrx_word' id='word_1_269' title='bbox 957 2265 1081 2299; x_wconf 77' lang='lat' dir='ltr'>Arocv</span> <span class='ocrx_word' id='word_1_270' title='bbox 1203 2264 1319 2309; x_wconf 80' lang='lat' dir='ltr'>(culta</span> <span class='ocrx_word' id='word_1_271' title='bbox 1357 2264 1500 2298; x_wconf 78' lang='lat' dir='ltr'>iniussa</span> 
     </span>
     <span class='ocr_line' id='line_1_38' title="bbox 146 2309 889 2357; baseline 0.003 -14"><span class='ocrx_word' id='word_1_272' title='bbox 146 2309 267 2344; x_wconf 86' lang='lat' dir='ltr'>uiresc</span> <span class='ocrx_word' id='word_1_273' title='bbox 293 2324 316 2344; x_wconf 81' lang='grc' dir='ltr'>α</span> <span class='ocrx_word' id='word_1_274' title='bbox 343 2310 382 2344; x_wconf 92' lang='lat' dir='ltr'>in</span> <span class='ocrx_word' id='word_1_275' title='bbox 407 2312 493 2356; x_wconf 80' lang='lat' dir='ltr'>ras.)</span> <span class='ocrx_word' id='word_1_276' title='bbox 593 2316 636 2345; x_wconf 79' lang='lat'>25</span> <span class='ocrx_word' id='word_1_277' title='bbox 662 2312 761 2357; x_wconf 82' lang='lat' dir='ltr'>uirg:</span> <span class='ocrx_word' id='word_1_278' title='bbox 789 2312 889 2346; x_wconf 75' lang='lat' dir='ltr'>codd,</span> 
     </span>
    </p>
   </div>
   <div class='ocr_carea' id='block_1_9' title="bbox 218 2375 1284 2404">
    <p class='ocr_par' dir='ltr' id='par_1_15' title="bbox 218 2375 1284 2404">
     <span class='ocr_line' id='line_1_39' title="bbox 218 2375 1284 2404; baseline 0.004 -4"><span class='ocrx_word' id='word_1_279' title='bbox 218 2375 240 2399; x_wconf 94' lang='lat' dir='ltr'>P</span> <span class='ocrx_word' id='word_1_280' title='bbox 244 2382 460 2401; x_wconf 56' lang='lat' dir='ltr'>nnnnnnnnnn</span> <span class='ocrx_word' id='word_1_281' title='bbox 481 2383 494 2402; x_wconf 92' lang='lat' dir='ltr'>s</span> <span class='ocrx_word' id='word_1_282' title='bbox 499 2384 618 2402; x_wconf 68' lang='lat' dir='ltr'>CCCCCC</span> <span class='ocrx_word' id='word_1_283' title='bbox 639 2385 671 2402; x_wconf 68' lang='lat' dir='ltr'>xx</span> <span class='ocrx_word' id='word_1_284' title='bbox 692 2378 721 2401; x_wconf 89' lang='lat' dir='ltr'><strong>H</strong></span> <span class='ocrx_word' id='word_1_285' title='bbox 727 2384 846 2402; x_wconf 77' lang='lat' dir='ltr'>OOOOOO</span> <span class='ocrx_word' id='word_1_286' title='bbox 850 2385 881 2402; x_wconf 86' lang='lat' dir='ltr'>M.</span> <span class='ocrx_word' id='word_1_287' title='bbox 1265 2375 1284 2404; x_wconf 82' lang='lat'><strong>3</strong></span> 
     </span>
    </p>
   </div>
   <div class='ocr_carea' id='block_1_10' title="bbox 1527 702 1569 732">
    <p class='ocr_par' dir='ltr' id='par_1_16' title="bbox 1527 702 1569 732">
     <span class='ocr_line' id='line_1_40' title="bbox 1527 702 1569 732; baseline -0.048 0"><span class='ocrx_word' id='word_1_288' title='bbox 1527 702 1569 732; x_wconf 79' lang='lat'>10</span> 
     </span>
    </p>
   </div>
   <div class='ocr_carea' id='block_1_11' title="bbox 1529 1001 1570 1030">
    <p class='ocr_par' dir='ltr' id='par_1_17' title="bbox 1529 1001 1570 1030">
     <span class='ocr_line' id='line_1_41' title="bbox 1529 1001 1570 1030; baseline 0 0"><span class='ocrx_word' id='word_1_289' title='bbox 1529 1001 1570 1030; x_wconf 83' lang='lat'>15</span> 
     </span>
    </p>
   </div>
   <div class='ocr_carea' id='block_1_12' title="bbox 1525 1311 1569 1340">
    <p class='ocr_par' dir='ltr' id='par_1_18' title="bbox 1525 1311 1569 1340">
     <span class='ocr_line' id='line_1_42' title="bbox 1525 1311 1569 1340; baseline -0.045 0"><span class='ocrx_word' id='word_1_290' title='bbox 1525 1311 1569 1340; x_wconf 77' lang='lat'>20</span> 
     </span>
    </p>
   </div>
   <div class='ocr_carea' id='block_1_13' title="bbox 1527 1668 1571 1699">
    <p class='ocr_par' dir='ltr' id='par_1_19' title="bbox 1527 1668 1571 1699">
     <span class='ocr_line' id='line_1_43' title="bbox 1527 1668 1571 1699; baseline 0.023 -1"><span class='ocrx_word' id='word_1_291' title='bbox 1527 1668 1571 1699; x_wconf 76' lang='lat'>‘25</span> 
     </span>
    </p>
   </div>
  </div>
 </body>
</html>
