1664 2563
600 93 744 129 CARM.
759 94 827 128 [ΠΙ
843 98 895 129 14.
913 98 956 129 15
1370 94 1457 136 373

100 206 282 246 Phoebus
313 207 512 256 increpuit
544 202 608 259 (ecc
632 204 807 257 Porph.)3
847 207 1044 245 amoribus
1078 208 1183 245 enim
1216 208 1354 256 aptum
1384 207 1458 246 hoc

101 269 271 304 metrum
303 268 373 314 est,
405 268 450 304 ut
483 261 620 319 (Very.
647 266 710 305 ecl.
739 267 776 315 6,
805 268 840 305 3.
870 261 934 320 4):

281 359 381 399 Cum
413 374 594 400 canerem
623 374 734 412 reges
767 364 807 400 et
838 362 1001 411 proelia,
1037 360 1230 411 Cynthius
1264 374 1400 399 aurem

278 420 404 459 Vellit
436 422 475 458 et
507 421 713 459 admonuit
746 415 851 474 (AV
871 422 955 459 sim.
982 422 1044 459 Pb

221 522 265 566 3.
322 540 561 566 TmRHENVM
610 540 689 565 PER
731 524 788 579 A.]
851 528 927 566 Per
977 529 1208 579 allegoriam
1259 527 1456 579 significat

98 598 286 637 magnam
316 587 527 625 materiam
558 600 637 626 non
669 587 882 626 sufficienti
906 588 1066 638 ingenio
1093 589 1133 626 et
1156 587 1300 625 humili
1325 589 1459 638 generi

100 647 285 684 carminis
318 658 397 685 non
429 646 567 684 debere
601 647 797 685 committi
830 641 935 699 (AV
957 658 1001 685 ex
1025 648 1166 695 Porph.

221 712 264 756 5.
315 729 519 755 RETTVLIT
551 714 729 769 VBERES]
792 717 869 756 Seu
902 718 997 767 quia
1028 719 1069 755 in
1101 731 1198 768 pace
1231 718 1460 768 diligentior

100 777 228 814 cultus
260 776 481 815 uberiorem
512 777 687 815 fructum
718 777 817 816 facit
848 790 915 816 seu
942 777 1057 826 quasi
1082 778 1166 827 ipse
1193 777 1287 816 deus
1315 776 1459 815 Caesar

99 836 236 873 faueat
266 836 459 887 frugibus,
492 838 537 874 ut
570 831 706 889 (Very.
734 836 797 875 ecl.
826 839 863 885 9,
892 838 957 874 17.
987 831 1081 890 48):

279 931 380 969 Ecce
413 931 584 970 Dionaei
615 933 807 981 processit
840 930 1019 970 Caesaris
1053 934 1214 979 astrum,

277 989 455 1039 Astrum,
488 1003 565 1039 quo
598 992 749 1041 segetes
783 991 1001 1042 gauderent
1031 991 1211 1041 frugibus
1246 985 1351 1043 (AV

220 1093 264 1137 6.
311 1110 362 1135 ΕΤ
396 1109 518 1136 SIGNA
549 1094 728 1149 Nosrno]
786 1097 894 1143 Quae
926 1098 1133 1136 interfecto
1167 1110 1256 1135 cum
1288 1098 1461 1135 exercitu

103 1155 242 1195 Crasso
275 1170 299 1195 a
330 1157 488 1195 Parthis
520 1157 725 1208 Augustus
757 1159 960 1207 receperat
992 1152 1097 1209 (AV
1118 1169 1163 1195 ex
1187 1157 1328 1204 Porph.

220 1224 264 1266 8.
316 1225 510 1279 DVELLIS]
569 1228 692 1266 Bellis
727 1223 831 1281 (AV

219 1294 264 1339 9.
320 1311 449 1338 IANVM
488 1312 643 1342 Qvnznu
677 1296 731 1351 cu]
796 1299 1004 1350 Significat
1042 1299 1175 1337 omnia
1211 1300 1357 1349 pacata
1388 1297 1458 1336 sub

100 1357 286 1406 Caesare,
323 1359 472 1409 templo
510 1359 600 1397 Iani
638 1360 789 1408 clauso,
829 1359 934 1408 quod
971 1358 1066 1397 belli
1096 1360 1274 1408 tempore
1306 1370 1460 1407 semper

98 1420 235 1468 patere
267 1420 541 1467 consueuerat3
579 1419 683 1456 unde
716 1418 766 1456 ad
798 1418 1129 1469 significationem
1159 1418 1317 1456 futurae
1350 1417 1459 1467 pacis

101 1478 159 1515 ait
190 1477 392 1528 Vergilius
425 1472 542 1530 (Aen.
570 1477 590 1515 I
621 1473 742 1529 294):

320 1571 564 1611 Claudentur
593 1572 688 1611 belli
719 1573 858 1623 portae
891 1567 996 1626 (AV
1017 1585 1061 1611 ex
1086 1573 1227 1621 Porph.

224 1674 298 1719 10.
355 1693 407 1717 ΕΤ
450 1691 633 1718 VAGANTI
677 1692 811 1718 FRENA
854 1676 911 1731 n]
985 1679 1109 1730 Leges
1153 1679 1266 1728 tulit,
1318 1678 1460 1727 quibus

99 1751 226 1778 mores
258 1742 488 1790 regerentur
520 1734 624 1791 (AV

220 1809 348 1848 *Cum
379 1811 507 1861 legem
539 1811 586 1848 de
618 1811 824 1849 adulteriis
857 1811 988 1849 sanxit
1020 1805 1100 1863 (Pb

224 1973 240 2004 1
263 1969 408 2016 phebus
423 1970 490 2014 Ap
515 1970 659 2014 phebus
676 1971 731 2006 Vc
841 1974 860 2004 2
882 1971 939 2004 est
952 1970 1060 2017 Acp]
1082 1971 1195 2006 om.V
1292 1973 1312 2004 3
1332 1969 1461 2015 pliaA

100 2017 245 2062 proelia
270 2029 290 2051 ¹r
411 2017 585 2061 cynthius
610 2018 672 2063 rb]
701 2017 863 2053 cinthius
890 2022 965 2053 cett.
1096 2018 1120 2051 9·
1143 2017 1252 2063 quasi
1278 2017 1344 2063 K]
1372 2017 1462 2061 quia

102 2065 133 2099 si
160 2066 240 2100 AV
379 2064 459 2109 ipse
493 2065 543 2110 V]
575 2064 676 2109 ipset
700 2066 736 2100 A
884 2068 928 2099 10
958 2064 1088 2100 faueat
1121 2065 1216 2112 ch]
1243 2076 1349 2100 euan.
1376 2066 1413 2099 A

103 2116 146 2146 11
180 2111 330 2147 dionaei
359 2112 411 2157 A]
445 2111 570 2146 dionei
604 2113 684 2156 ch
828 2124 905 2157 pro.
935 2123 963 2147 c.
992 2123 1023 2147 a.
1047 2114 1088 2157 V,
1125 2113 1267 2158 reliqua
1292 2123 1359 2148 om.
1383 2113 1419 2147 V

100 2159 298 2205 processit]
325 2159 425 2202 quod
452 2159 564 2194 cessit
588 2160 624 2194 A
730 2164 773 2194 13
800 2160 987 2195 excercitu
1013 2161 1049 2196 A
1155 2164 1199 2194 14
1225 2171 1351 2195 crassa
1375 2160 1412 2194 A

102 2209 316 2252 susceperat
340 2208 375 2242 V
517 2210 558 2240 16
585 2208 741 2251 peccata
766 2209 802 2242 A
950 2211 991 2241 17
1020 2219 1119 2243 caes:
1141 2208 1184 2253 p]
1214 2218 1290 2242 ces:
1318 2207 1413 2241 AVc

102 2254 196 2301 iani]
220 2254 258 2289 ia
277 2255 312 2289 A
413 2258 456 2288 18
477 2256 723 2289 consueuerat
741 2256 793 2301 A]
815 2254 1010 2289 consueuit
1036 2257 1117 2300 ch
1215 2253 1460 2300 significatio-

101 2313 191 2336 num
222 2302 259 2336 A
407 2305 448 2336 19
483 2302 537 2336 ait
567 2301 742 2346 nii-gilius
774 2313 824 2347 cp
855 2314 949 2338 cons.
976 2304 1112 2348 Porph.
1141 2302 1196 2337 ait
1223 2303 1258 2338 V
1284 2302 1350 2336 aut
1375 2302 1413 2336 A

104 2352 148 2383 20
175 2348 438 2384 clauderentur
463 2351 499 2384 A

1486 839 1529 870 10

1485 1229 1528 1260 15

1486 1572 1531 1603 20
