1664 2563
162 779 206 809 10

161 1396 206 1426 20

228 91 286 132 42
670 89 920 125 EXPOSITIO
945 90 998 123 IN
1023 89 1134 124 HOR.

230 203 369 241 exinde
407 203 573 253 gloriam
612 215 796 251 quaerere
827 202 1024 239 laudando
1056 203 1213 239 tantum
1243 201 1436 251 Athenas⁷
1475 214 1571 251 quas

230 263 389 300 uocauit
425 262 560 300 urbem
591 261 791 299 Mineruae
829 261 939 298 uelut
976 261 1179 310 proprium
1216 261 1389 299 ciuitatis
1426 273 1571 298 numen

233 317 289 373 (A
298 318 379 359 Γά
384 334 415 369 10
436 333 534 359 cons.
549 333 568 358 c

350 387 394 431 6.
446 404 624 430 CARMINE
674 387 905 442 PERPETvo]
967 391 1050 428 Aut
1093 404 1170 428 uno
1213 383 1339 428 metro
1384 392 1452 428 aut
1494 404 1573 429 non
1621 410 1623 413 ·

233 452 399 490 aliorum
431 451 612 488 laudibus
644 452 776 488 mixtis
811 445 867 503 (A
877 447 992 498 F‘cp

353 517 395 560 ’7.
427 519 690 570 DECERPTAM]
725 522 784 559 Ex
817 522 996 559 omnibus
1029 522 1245 559 conlectam
1279 516 1456 574 (AF'cp

349 580 482 619 *Ordo
527 583 602 619 est:
651 593 890 630 praeponere
934 581 1057 618 fronti
1101 581 1248 618 oliuam
1292 580 1464 629 undique
1508 579 1573 617 de-

231 642 406 689 cerptam
438 635 605 693 (F'acp

349 707 394 750 9.
426 723 626 749 PLVRIMVS
658 724 699 748 IN
730 723 890 749 IVNONIs
923 722 1118 748 HONOREM
1148 722 1286 748 APTVM
1317 721 1429 747 DICIT
1455 721 1573 752 noxus

232 782 365 808 ARGos
403 782 594 813 Drrisovn
626 766 821 821 MICENAS]
860 770 945 808 Hoc
978 772 1052 808 est:
1091 770 1192 807 sicut
1222 769 1397 807 Athenas
1428 769 1470 806 in
1500 769 1573 805 Mi-

234 843 377 867 neruae
408 830 606 878 honorem,
638 831 697 867 ita
721 830 848 880 Argos
882 832 921 867 et
944 829 1117 866 Micenas
1143 829 1297 866 laudari
1322 829 1362 865 in
1386 828 1575 866 honorem

231 889 403 927 Iunonis.
461 886 632 938 ‘Aptum
666 885 835 940 [autem]
866 890 975 938 equis
1002 884 1150 938 Argos'
1179 901 1317 938 genere
1342 888 1480 925 neutro
1508 887 1572 924 ab-

233 949 358 986 solute
391 948 490 985 dixit
523 944 671 1000 (ΑΓά
690 959 788 985 cons.
810 959 865 995 cp

354 1014 428 1058 10.
478 1032 534 1056 ΜΕ
571 1031 649 1056 NEC
689 1031 772 1056 TAM
810 1032 843 1055 P.
870 1031 904 1055 L.
932 1014 1169 1068 PERcvssir]
1233 1017 1334 1062 Quia
1370 1018 1412 1054 in
1449 1029 1573 1067 agone

233 1079 459 1116 uerberibus
489 1078 695 1116 inmobiles
729 1074 1048 1128 c<a>edebantur
1081 1072 1194 1129 (AF'
1214 1088 1313 1114 cons.
1333 1088 1388 1124 cp

350 1162 406 1186 ME
443 1162 521 1186 NEC
555 1161 638 1186 TAM
669 1160 839 1186 PATIENs
871 1144 1137 1199 LACEDEMON]
1182 1147 1277 1185 Post
1307 1146 1573 1184 matricidium

234 1207 389 1246 Orestes
422 1221 508 1246 cum
541 1209 699 1256 fureret,
732 1208 831 1245 adiit
857 1208 1057 1246 oraculum
1082 1207 1129 1245 de
1155 1207 1342 1255 sanitate3
1374 1207 1576 1244 oraculum

232 1268 435 1317 respondit
472 1269 526 1305 sic
565 1282 652 1305 eum
689 1279 802 1316 posse
841 1268 989 1315 sanari,
1028 1268 1060 1304 si
1098 1266 1249 1303 Dianae
1283 1265 1489 1314 Scythicae
1528 1265 1574 1302 de

234 1328 402 1364 Taurica
439 1327 691 1364 simulacrum
730 1326 909 1363 auferret.
972 1326 1174 1363 Profectus
1211 1324 1300 1362 inde
1332 1325 1442 1363 uenit
1473 1324 1575 1361 Tau-

232 1387 365 1423 ricam.
428 1386 488 1423 sbi
521 1389 605 1424 erat
637 1398 745 1424 soror
777 1387 858 1423 eius
891 1385 1088 1432 sacerdos,
1128 1397 1227 1434 quae
1254 1384 1425 1422 aduenas
1451 1384 1573 1421 inmo-

233 1445 360 1492 labat3
411 1447 575 1495 agnouit
617 1446 798 1493 fratrem,
842 1445 1017 1494 pepercit
1060 1444 1137 1491 illi,
1181 1444 1460 1493 interrogauit,
1505 1454 1573 1479 cur

233 1506 422 1552 uenisset3
470 1505 537 1541 ille
588 1504 789 1541 indicauit.
870 1504 1129 1541 Abstulerunt
1178 1502 1267 1539 inde
1312 1502 1575 1549 simulacrum,

234 1564 351 1600 simul
384 1576 492 1601 soror
524 1565 582 1601 est
614 1565 763 1611 secuta;
796 1562 918 1600 delati
949 1564 1040 1599 sunt
1072 1562 1121 1599 ad
1152 1561 1329 1609 Italiam,
1361 1561 1573 1598 collocaue-

233 1625 328 1659 runt
377 1623 418 1659 in
467 1635 623 1660 nemore
667 1622 828 1660 Aricino
872 1622 1125 1659 simulacrum
1168 1623 1207 1658 et
1251 1621 1576 1658 consecrauerunt

353 1774 372 1803 ‘2
404 1770 570 1804 minerue
601 1772 637 1804 A
745 1780 881 1803 numen
912 1770 990 1814 Ay]
1024 1779 1157 1803 nomen
1189 1779 1300 1812 avcp
1336 1766 1479 1801 numeri
1510 1779 1530 1801 r

235 1821 254 1851 6
276 1817 432 1852 electam
445 1819 480 1852 A
502 1819 631 1861 (ortum
651 1829 694 1851 er
709 1817 883 1861 electam)
898 1828 962 1851 om.
978 1829 997 1851 r
1017 1816 1212 1850 collectam
1231 1819 1305 1849 cett.
1388 1817 1430 1848 12
1451 1815 1576 1848 autem

233 1876 298 1899 om.
321 1866 356 1899 A
479 1868 520 1899 15
548 1864 742 1898 inmobiles
769 1864 804 1909 ν]
832 1863 1003 1898 imobiles
1029 1864 1064 1898 A
1096 1862 1285 1896 inmobilis
1311 1876 1331 1907 y
1366 1861 1574 1895 immobiles

234 1923 279 1946 rc
377 1915 418 1944 17
440 1912 579 1946 fureret
593 1911 742 1957 P'occp]
765 1911 958 1956 fugeretA
1058 1915 1099 1944 18
1121 1911 1231 1944 diane
1250 1911 1286 1944 A
1359 1908 1524 1953 scythice
1538 1907 1573 1952 ν]

234 1958 346 2004 sithie
372 1960 407 1993 A
548 1963 589 1992 19
616 1959 803 2003 profectus
825 1980 868 1983 -
889 1958 941 1992 ibi
969 1958 1061 2002 erat]
1089 1957 1286 2002 profectus.
1315 1956 1479 1990 subierat
1504 1969 1528 1988 α

234 2005 422 2050 profectus
455 2006 541 2039 inde
572 2007 676 2040 uenit
701 2006 884 2040 tauricam
910 2006 944 2050 ν]
972 2005 1159 2049 profectus
1186 2005 1264 2039 ΑΓ
1290 2003 1477 2048 profectus
1504 2001 1574 2036 ita-

234 2064 306 2096 que
334 2054 389 2086 est
414 2064 462 2096 cp
598 2057 642 2087 20
668 2053 721 2086 ibi
748 2064 849 2087 soror
874 2054 954 2086 erat
980 2063 1080 2086 soror
1106 2052 1183 2086 eius
1211 2061 1288 2084 sac:
1315 2051 1351 2084 A
1457 2049 1575 2082 inmo-

234 2100 339 2133 labat
359 2121 402 2124 —
424 2100 564 2145 secuta]
593 2100 771 2134 inmolare
806 2101 1057 2134 consueuerat.
1109 2099 1174 2132 sed
1199 2099 1281 2142 ipsa
1306 2096 1420 2130 fratre
1446 2095 1574 2140 agnito

235 2146 404 2191 pepercit
434 2147 665 2191 interrogans
693 2159 757 2181 cur
780 2147 941 2190 ueniret,
975 2146 1212 2190 aduentuque
1238 2144 1387 2188 cognito
1413 2145 1450 2178 et
1475 2143 1574 2176 infir-

234 2194 366 2228 mitate
404 2194 636 2228 considerata
675 2195 786 2229 saluti
817 2194 943 2228 fratris
976 2193 1169 2227 consulens
1203 2191 1307 2226 dedit
1337 2190 1575 2224 simulacrum

236 2241 420 2285 simulque
441 2252 523 2274 cum
543 2241 607 2275 illo
629 2241 756 2275 abiens
778 2255 798 2275 ν
872 2240 1014 2275 immol:
1043 2242 1174 2274 ΑΓαο
1199 2238 1304 2272 imol:
1320 2249 1349 2282 10
1445 2241 1488 2271 23
1510 2237 1572 2282 ad]

236 2300 301 2324 om.
323 2302 343 2323 ν
441 2290 478 2322 et
498 2293 580 2323 ante
600 2288 875 2323 collocauerunt
895 2290 999 2322 inser.
1017 2286 1131 2330 F‘cp‚
1152 2298 1216 2321 om.
1237 2287 1273 2320 A
1370 2287 1414 2318 24
1435 2284 1575 2318 aricino

235 2336 302 2381 γρ]
330 2335 443 2369 aricio
469 2337 591 2370 Arm
619 2335 742 2369 aroino
769 2348 787 2370 c
