1664 2563
671 91 815 128 CARM.
836 91 869 126 Π
889 95 919 126 3.
941 95 962 125 4
1411 91 1493 133 149

269 199 346 244 23.
379 216 453 243 SVB
484 216 555 242 DIO
586 201 782 256 MORERIS]
829 204 958 254 Supra
990 205 1094 242 enim
1124 205 1228 242 inter
1260 204 1423 242 diuitias
1457 207 1496 242 et

148 264 310 302 domum
348 263 518 313 dixerat,
561 264 649 302 ideo
686 264 750 302 hio
789 264 860 302 sub
900 264 964 302 dio
1001 265 1137 313 posuit
1166 265 1353 313 pauperis
1385 277 1494 302 man-

147 325 297 362 sionem
330 318 432 377 (ΑΓ
441 323 478 362 V

268 377 344 422 24.
393 383 462 420 Nil
493 384 716 421 miserantis
749 377 847 435 (V)]
903 382 1158 433 Inplacabilis
1192 377 1334 434 (FEV

264 453 506 480 MISERANTIS
540 439 652 493 ORCI]
708 442 764 480 Vt
795 437 931 495 (Vcry.
954 453 1079 490 yeory.
1106 442 1187 479 ΠΠ
1213 436 1337 494 489);
1546 449 1565 479 5

302 501 547 553 Ignoscenda
566 502 738 551 quidem,
759 502 903 540 scirent
923 503 952 540 si
975 503 1175 552 ignoscere
1194 501 1329 539 Manes
1351 496 1500 554 (AFV

267 556 343 601 25.
377 573 510 599 OMNES
537 573 677 599 EODEM
705 557 905 612 COGIMVR]
939 560 1233 611 Compellimur,
1258 560 1495 612 colligimur,

145 623 193 658 ut
224 615 361 673 (Very.
387 620 450 659 ecl.
478 622 516 670 3,
543 615 635 673 20):

360 681 508 729 Tityre,
540 693 633 731 coge
665 692 784 730 pecus
819 675 921 732 (AF
931 680 968 718 V

267 734 344 778 26.
388 751 600 778 VERSATVR
631 736 816 790 V<R>NAJ
872 739 957 777 Aut
988 739 1058 776 ubi
1089 739 1218 777 fatum
1251 741 1290 777 et
1321 738 1494 777 conditio
1524 746 1567 777 10

146 799 258 836 uitae
295 800 498 847 uersatur,
543 801 614 837 aut
650 812 769 847 urna,
812 799 882 837 ubi
919 801 1066 837 cineres
1104 798 1409 849 colligebantur,
1450 800 1497 836 ut

149 857 335 896 Lucanus
369 853 507 910 (VHH
535 854 626 911 68):

362 917 593 967 Numquam
625 918 761 968 plenas
793 918 1027 968 plangemus
1060 917 1110 956 ad
1140 916 1289 955 urnas?

148 976 224 1014 Hic
269 978 403 1014 autem
445 978 597 1027 poetice
640 990 710 1026 per
752 990 894 1015 urnam
938 978 1053 1025 quasi
1096 979 1199 1015 sorte
1245 977 1294 1015 ad
1330 978 1497 1014 mortem

149 1036 288 1074 ductos
343 1037 433 1086 rapi
483 1036 583 1074 dixit
633 1031 751 1090 (cons.
794 1030 975 1087 Porplz.),
1031 1039 1078 1074 ut
1131 1036 1327 1087 Vergilius
1379 1031 1496 1088 (Aen.
1525 1044 1566 1075 15

362 1154 572 1200 Quaesitor
602 1155 730 1193 Minos
762 1168 905 1194 urnam
935 1158 1071 1193 mouet
1103 1149 1277 1207 (AFocV

267 1209 344 1253 27.
379 1225 476 1252 SORS
509 1211 704 1266 EXITVRA]
736 1215 828 1253 Ideo
862 1217 1018 1263 sortem,
1050 1216 1146 1264 quia
1177 1228 1316 1253 urnam
1344 1214 1497 1253 dixerat

269 1332 441 1382 Cymbae
473 1333 660 1372 uidelicet
684 1335 909 1383 inpositura
935 1336 994 1372 est
1018 1346 1087 1372 nos
1114 1346 1208 1382 sorS,
1233 1336 1280 1372 ut
1304 1335 1346 1371 in
1373 1336 1495 1372 aeter·
1523 1341 1567 1372 20

146 1405 243 1430 num
275 1392 424 1443 dirigat
456 1393 618 1431 exilium
651 1388 753 1444 (FV

272 1447 348 1491 28.
401 1448 582 1503 CVMBAE]
637 1453 745 1491 Naui
790 1451 970 1491 Carontis
1016 1448 1103 1505 (Ay
1120 1452 1336 1500 paul.sim.
1356 1453 1497 1501 Porph.

680 1725 834 1764 CARM.
861 1726 902 1764 ΙΙ
928 1728 953 1764 4

465 1828 766 1883 [PROTREPTICE
799 1844 1064 1871 TETRACOLOS
1097 1828 1171 1885 (A]

262 1926 464 1965 *Metrum
491 1924 788 1978 Sa<p>phicum
821 1927 1167 1977 endecasyllabum
1195 1923 1278 1980 (Γα
1519 1936 1563 1967 25

259 1998 311 2023 NE
356 1997 418 2023 SIT
462 1998 664 2024 ANCILLAE
709 2000 790 2024 TIBI
833 1999 947 2024 AMOR
990 1983 1159 2038 PVDORI]
1221 1987 1381 2026 Adserit
1417 1988 1491 2026 hac

261 2114 280 2145 2
308 2110 369 2146 dio
396 2111 447 2157 A]
475 2111 562 2146 diuo
588 2114 623 2146 Γ
645 2112 731 2147 diue
760 2113 794 2147 V
902 2115 923 2145 4
949 2111 1188 2157 inplacabilis
1214 2114 1296 2159 γΕ]
1323 2113 1432 2158 impl:
1463 2114 1498 2149 V

141 2168 207 2192 om.
228 2169 248 2193 r
392 2162 411 2193 6
444 2159 671 2204 ignoscenda
702 2160 738 2194 A
884 2163 902 2193 7
936 2159 1146 2205 colligimur
1176 2162 1227 2207 A]
1262 2160 1428 2205 cogimur
1459 2173 1490 2203 r,

141 2215 207 2240 om.
228 2206 294 2250 yV
404 2209 424 2240 9
451 2208 575 2251 tytyre
601 2208 637 2242 A
663 2207 775 2251 tytire
801 2219 820 2241 r
845 2207 948 2241 titire
974 2209 1036 2252 yV
1146 2211 1189 2242 10
1217 2208 1385 2243 condicio
1414 2209 1448 2243 V

143 2255 184 2285 11
211 2253 329 2299 uitae]
358 2264 401 2288 ae
423 2256 575 2289 euanuit
593 2255 634 2288 in
652 2257 689 2290 A
788 2258 830 2288 14
851 2255 958 2299 quasi
980 2256 1091 2302 sorte]
1113 2267 1178 2291 om.
1201 2270 1224 2290 α
1324 2260 1366 2290 15
1386 2256 1487 2300 uirg:

141 2299 240 2334 codd.
347 2305 388 2335 17
405 2302 570 2345 quesitor
584 2304 619 2337 A
723 2305 766 2336 20
781 2302 862 2347 inp:
879 2303 914 2348 y]
929 2302 1150 2348 impositura
1164 2305 1227 2339 rV
1301 2331 1305 2336 ,
1320 2307 1362 2337 25
1378 2303 1489 2337 ende-

143 2346 372 2391 casyllabum
398 2350 437 2395 α]
465 2349 781 2384 endecasillabum
806 2352 841 2384 Γ
