1664 2563
653 105 797 140 CARM.
815 105 883 139 ΠΠ
903 110 924 139 4
1378 105 1463 147 337

236 214 310 258 14.
332 214 596 269 *<Intenta>]
623 218 732 255 Tunc
754 218 858 255 enim
878 219 1006 256 aerior
1026 220 1084 256 est
1105 218 1284 266 formido,
1306 219 1463 267 quando

109 280 276 328 occupat
308 278 482 327 aliquem
513 278 554 314 in
587 277 738 315 deliciis
770 278 944 326 positum
976 272 1061 330 (1⁷oe

231 332 307 376 16.
339 349 476 375 DENTE
495 333 624 387 novo]
675 336 816 374 Adhuc
836 337 1065 374 inconsueto
1087 336 1137 374 ad
1157 336 1345 386 praedam
1366 331 1468 389 (AV

232 391 307 435 17.
340 408 436 434 ΒΕΊῚ
468 408 601 433 BELLA
634 407 707 434 svn
740 397 928 442 ALPIBVS]
978 395 1054 433 Per
1085 396 1306 445 yperbaton
1339 398 1470 434 sensui

110 456 304 505 superiori
347 455 569 504 respondit:
620 455 779 504 qualem
822 456 1000 504 aquilam
1044 457 1083 493 et
1121 456 1274 493 leonem
1312 455 1468 493 inbellis
1521 464 1540 493 5

108 515 269 564 praeda,
295 515 417 553 talem
443 515 618 552 Drusum
644 515 778 552 uidere
798 514 889 552 Reti
916 517 955 553 et
975 515 1184 563 Vindelici,
1211 515 1469 553 barbarorum

109 576 245 625 gentes
279 569 384 626 (AV

229 633 331 671 *His
382 633 549 671 deuictis
594 634 700 671 faeta
745 636 803 671 est
848 634 990 671 ciuitas
1035 633 1216 683 Augusta
1260 632 1469 671 Vindelica

111 693 218 742 apud
249 693 394 731 Raetos
428 688 486 745 (Γ

231 747 307 791 22.
341 764 419 789 Nnc
455 763 571 789 somn
603 764 677 789 ΕΑΒ
712 748 804 802 EST]
862 751 970 789 Idest
1000 752 1095 789 lieet
1121 752 1256 800 aliqua
1283 752 1467 801 ignorare
1498 760 1540 789 10

110 808 215 865 (AV
237 823 280 850 ex
310 812 450 859 Porph.

230 865 306 909 24.
351 881 549 908 coxsmns
583 881 742 908 Ivvmxis
774 883 810 907 R.
840 866 890 920 s]
948 870 1033 908 Hoc
1066 870 1203 917 solum,
1236 871 1378 919 inquit,
1411 870 1468 907 di-

109 943 194 968 cere
227 930 326 967 mihi
359 931 455 968 satis
488 932 558 978 est,
593 929 698 978 quod
724 929 830 967 Retii
862 929 930 966 diu
963 932 1143 978 potentes
1177 931 1215 967 et
1248 930 1417 968 uictores
1446 942 1468 967 a

108 990 239 1027 Druso
272 989 399 1027 adhue
432 1001 553 1038 puero
587 989 765 1038 superati
798 990 889 1026 sunt
922 983 1027 1041 (AV

230 1043 306 1087 25.
359 1044 556 1099 SENSERE]
620 1047 839 1087 Probauere
879 1049 1070 1085 uirtutem
1102 1050 1141 1085 et
1172 1048 1467 1085 institutionem
1495 1055 1537 1085 15

94 1108 331 1147 'Romanam
364 1102 469 1160 (AV

227 1163 423 1217 mDOLEs]
482 1166 605 1204 Aetas
639 1160 744 1217 (AV

229 1222 306 1265 26.
368 1237 546 1264 NVTmTA
602 1221 788 1276 FAvsms]
852 1225 1048 1263 Felieibus
1106 1225 1285 1263 custodia
1338 1227 1462 1263 uirtu-

108 1288 199 1324 tum
232 1280 337 1338 (AV

231 1340 306 1384 27.
357 1356 533 1382 AVGVSTI
566 1340 794 1394 PATERNVS]
853 1343 907 1381 Vt
940 1338 1076 1396 (Verq.
1104 1343 1202 1381 Aen.
1230 1344 1249 1381 I
1277 1344 1372 1381 580.
1408 1344 1468 1381 III
1496 1352 1540 1382 20

112 1406 207 1443 343.
240 1404 318 1441 XII
343 1399 467 1455 iim:

324 1487 376 1524 Et
408 1489 524 1536 pater
556 1486 708 1524 Aeneas
742 1480 847 1537 (AV

229 1577 305 1620 28.
337 1594 379 1619 IN
411 1592 567 1619 PVERos
600 1592 750 1619 ANIMVS
782 1577 986 1632 NERONES]
1038 1580 1127 1619 Duo
1154 1581 1313 1618 suerunt
1340 1581 1464 1619 Nero-

109 1654 177 1679 nes
226 1641 404 1691 priuigni
453 1640 643 1691 Augusti,
694 1653 861 1689 quorum
906 1654 1029 1677 unum
1072 1642 1113 1677 in
1158 1640 1274 1678 domo
1320 1641 1469 1678 Tiberii

112 1700 269 1738 Claudii
307 1700 475 1738 Neronis
519 1700 655 1737 mariti
694 1699 811 1737 Liuia
854 1700 1025 1749 peperit,
1071 1700 1239 1737 alterum
1278 1700 1319 1736 in
1356 1702 1468 1737 utero
1497 1707 1542 1736 ‘25

110 1760 159 1797 ad
191 1759 417 1809 Augustum
449 1759 605 1797 adtulit.
667 1759 821 1797 Horum
853 1759 979 1797 altero
1010 1760 1052 1796 in
1085 1757 1297 1796 Germania
1329 1758 1467 1796 morbo

110 1818 318 1867 absumpto
365 1819 464 1855 alter
509 1818 720 1867 adoptatus
766 1818 814 1855 ab
853 1817 1034 1867 Augusto
1080 1829 1277 1856 successor
1320 1819 1466 1866 prinei-

110 1879 227 1927 patus
273 1878 308 1915 ei
346 1877 423 1914 fuit
460 1880 701 1927 uocatusque
741 1879 799 1915 est
838 1876 1018 1914 Tiberius
1059 1876 1203 1914 Caesar
1241 1872 1346 1929 (AV
1367 1888 1469 1914 cons.

111 1937 252 1984 Porple.

233 2076 249 2106 1
278 2072 424 2107 intenta
446 2073 512 2117 K.]
539 2072 694 2107 inuenta
719 2085 738 2107 r
763 2073 920 2107 iuuenta
941 2086 960 2116 γ
1059 2072 1179 2106 aerior
1200 2073 1265 2118 K.]
1294 2073 1429 2107 clarior
1450 2087 1469 2117 γ

112 2121 301 2155 Kurschat
325 2120 444 2154 rarior
469 2131 520 2154 να
546 2120 591 2162 cf.
617 2120 755 2165 Verqili
781 2121 923 2154 ‘metus
951 2120 1054 2153 aeer’
1156 2123 1177 2153 4
1204 2120 1361 2165 ipbaton
1388 2122 1422 2154 A

113 2171 134 2201 5
161 2168 199 2201 et
224 2167 275 2212 A]
301 2167 363 2201 uel
385 2168 463 2211 ch
563 2171 582 2200 6
607 2167 679 2201 reti
706 2169 744 2202 et
768 2167 949 2201 uindeliei
976 2167 1027 2212 A]
1054 2167 1140 2201 retii
1166 2167 1373 2202 uuindelioi
1397 2168 1431 2201 V

114 2217 133 2247 9
168 2216 267 2260 retos
301 2215 337 2260 γ]
369 2216 467 2248 retos
501 2226 551 2248 να
698 2218 740 2248 13
779 2215 873 2249 mihi
911 2214 1035 2248 dicere
1071 2216 1105 2250 V
1246 2218 1287 2248 17
1322 2216 1401 2248 etas
1436 2214 1472 2248 A

114 2264 159 2294 20
187 2263 388 2306 augustum
414 2263 450 2296 A
477 2261 629 2307 augusti
657 2263 692 2297 V
688 2273 717 2306 p
821 2266 864 2295 22
893 2272 1003 2296 eneas
1031 2262 1067 2296 A
1166 2265 1208 2295 25
1237 2261 1362 2295 claudi
1390 2262 1425 2295 A

113 2308 207 2342 linia
227 2309 271 2354 p]
297 2309 393 2343 libta
414 2310 528 2351 AV0,·
560 2309 594 2342 Γ
611 2310 719 2353 prins
743 2310 927 2354 scripsisse
954 2309 1101 2344 uidetur
1125 2309 1220 2343 libia
1366 2311 1409 2341 28
1437 2308 1471 2342 ei

115 2356 311 2401 APorph]
327 2356 406 2390 eius
424 2357 471 2391 Vc
474 2367 502 2400 p
600 2367 671 2400 que
686 2358 721 2391 A
730 2357 957 2402 Porph.]0=m
970 2357 1004 2391 V
1090 2367 1205 2390 eaesar
1213 2357 1256 2402 p]
1267 2366 1370 2390 cesar
1378 2356 1408 2389 A
1425 2356 1472 2390 Vc

189 2421 434 2448 PSEVDACBONIS
456 2428 594 2448 SCHOLIA
615 2429 647 2446 IN
668 2422 764 2448 HORA
767 2429 855 2447 IIIIII
1214 2419 1257 2449 22
