<?xml version="1.0" encoding="UTF-8"?>
<!DOCTYPE html PUBLIC "-//W3C//DTD XHTML 1.0 Transitional//EN"
    "http://www.w3.org/TR/xhtml1/DTD/xhtml1-transitional.dtd">
<html xmlns="http://www.w3.org/1999/xhtml" xml:lang="en" lang="en">
 <head>
  <title>
</title>
<meta http-equiv="Content-Type" content="text/html;charset=utf-8" />
  <meta name='ocr-system' content='tesseract 3.04.00' />
  <meta name='ocr-capabilities' content='ocr_page ocr_carea ocr_par ocr_line ocrx_word'/>
</head>
<body>
  <div class='ocr_page' id='page_1' title='image "./pseudacronisscho01kelluoft_0143.png"; bbox 0 0 1664 2563; ppageno 0'>
   <div class='ocr_carea' id='block_1_1' title="bbox 591 58 1386 101">
    <p class='ocr_par' dir='ltr' id='par_1_1' title="bbox 591 58 1386 101">
     <span class='ocr_line' id='line_1_1' title="bbox 591 58 1386 101; baseline 0.011 -9"><span class='ocrx_word' id='word_1_1' title='bbox 591 58 734 93; x_wconf 80' lang='lat' dir='ltr'><strong><em>CARM.</em></strong></span> <span class='ocrx_word' id='word_1_2' title='bbox 758 59 774 92; x_wconf 85' lang='grc' dir='ltr'>Ι</span> <span class='ocrx_word' id='word_1_3' title='bbox 795 62 837 93; x_wconf 84' lang='lat'>35</span> <span class='ocrx_word' id='word_1_4' title='bbox 1302 59 1386 101; x_wconf 81' lang='grc'>123</span> 
     </span>
    </p>
   </div>
   <div class='ocr_carea' id='block_1_2' title="bbox 255 170 1169 283">
    <p class='ocr_par' dir='ltr' id='par_1_2' title="bbox 255 170 1169 283">
     <span class='ocr_line' id='line_1_2' title="bbox 467 170 1169 220; baseline -0.001 -11"><span class='ocrx_word' id='word_1_5' title='bbox 467 170 568 209; x_wconf 84' lang='lat' dir='ltr'>Gens</span> <span class='ocrx_word' id='word_1_6' title='bbox 601 171 701 208; x_wconf 90' lang='lat' dir='ltr'>dura</span> <span class='ocrx_word' id='word_1_7' title='bbox 733 173 853 220; x_wconf 88' lang='lat' dir='ltr'>atque</span> <span class='ocrx_word' id='word_1_8' title='bbox 886 183 1025 220; x_wconf 86' lang='lat' dir='ltr'>aspera</span> <span class='ocrx_word' id='word_1_9' title='bbox 1056 171 1169 209; x_wconf 81' lang='lat' dir='ltr'>cultu</span> 
     </span>
     <span class='ocr_line' id='line_1_3' title="bbox 255 225 1052 283; baseline 0.003 -16"><span class='ocrx_word' id='word_1_10' title='bbox 255 230 500 268; x_wconf 85' lang='lat' dir='ltr'>Debellanda</span> <span class='ocrx_word' id='word_1_11' title='bbox 531 229 606 268; x_wconf 90' lang='lat' dir='ltr'>tibi</span> <span class='ocrx_word' id='word_1_12' title='bbox 637 229 753 269; x_wconf 87' lang='lat' dir='ltr'>Latio</span> <span class='ocrx_word' id='word_1_13' title='bbox 787 232 845 268; x_wconf 87' lang='lat' dir='ltr'>est</span> <span class='ocrx_word' id='word_1_14' title='bbox 876 225 1052 283; x_wconf 73' lang='grc' dir='ltr'>(ΑΓοιῙ7</span> 
     </span>
    </p>
   </div>
   <div class='ocr_carea' id='block_1_3' title="bbox 40 319 1460 733">
    <p class='ocr_par' dir='ltr' id='par_1_3' title="bbox 42 319 1390 436">
     <span class='ocr_line' id='line_1_4' title="bbox 164 319 1390 376; baseline 0 -14"><span class='ocrx_word' id='word_1_15' title='bbox 164 319 239 363; x_wconf 86' lang='lat' dir='ltr'>ll.</span> <span class='ocrx_word' id='word_1_16' title='bbox 289 337 511 367; x_wconf 81' lang='lat' dir='ltr'><strong>REGVMQVE</strong></span> <span class='ocrx_word' id='word_1_17' title='bbox 549 336 709 362; x_wconf 79' lang='lat' dir='ltr'><strong><em>MATRES</em></strong></span> <span class='ocrx_word' id='word_1_18' title='bbox 742 321 1035 376; x_wconf 82' lang='lat' dir='ltr'><strong><em>BARBARORVM]</em></strong></span> <span class='ocrx_word' id='word_1_19' title='bbox 1092 325 1254 375; x_wconf 79' lang='lat' dir='ltr'>Proprie</span> <span class='ocrx_word' id='word_1_20' title='bbox 1286 326 1390 363; x_wconf 88' lang='lat' dir='ltr'>enim</span> 
     </span>
     <span class='ocr_line' id='line_1_5' title="bbox 42 379 811 436; baseline -0.001 -14"><span class='ocrx_word' id='word_1_21' title='bbox 42 386 182 422; x_wconf 86' lang='lat' dir='ltr'>timere</span> <span class='ocrx_word' id='word_1_22' title='bbox 215 384 305 422; x_wconf 88' lang='lat' dir='ltr'>filiis</span> <span class='ocrx_word' id='word_1_23' title='bbox 338 387 511 422; x_wconf 84' lang='lat' dir='ltr'>matrum</span> <span class='ocrx_word' id='word_1_24' title='bbox 544 386 603 422; x_wconf 90' lang='lat' dir='ltr'>est</span> <span class='ocrx_word' id='word_1_25' title='bbox 635 379 811 436; x_wconf 70' lang='lat' dir='ltr'>(AsaV</span> 
     </span>
    </p>

    <p class='ocr_par' dir='ltr' id='par_1_4' title="bbox 40 438 1460 733">
     <span class='ocr_line' id='line_1_6' title="bbox 160 438 1460 496; baseline 0 -16"><span class='ocrx_word' id='word_1_26' title='bbox 160 443 392 493; x_wconf 82' lang='lat' dir='ltr'>Regumque</span> <span class='ocrx_word' id='word_1_27' title='bbox 430 457 479 480; x_wconf 89' lang='lat' dir='ltr'>m.</span> <span class='ocrx_word' id='word_1_28' title='bbox 510 438 607 496; x_wconf 85' lang='lat' dir='ltr'>(V)]</span> <span class='ocrx_word' id='word_1_29' title='bbox 669 444 715 480; x_wconf 86' lang='lat' dir='ltr'>In</span> <span class='ocrx_word' id='word_1_30' title='bbox 754 443 935 482; x_wconf 87' lang='lat' dir='ltr'>omnibus</span> <span class='ocrx_word' id='word_1_31' title='bbox 974 443 1292 481; x_wconf 87' lang='lat' dir='ltr'>subaudiendum</span> <span class='ocrx_word' id='word_1_32' title='bbox 1330 445 1389 481; x_wconf 88' lang='lat' dir='ltr'>est</span> <span class='ocrx_word' id='word_1_33' title='bbox 1440 452 1460 481; x_wconf 78' lang='lat'>5</span> 
     </span>
     <span class='ocr_line' id='line_1_7' title="bbox 43 499 1388 552; baseline 0 -12"><span class='ocrx_word' id='word_1_34' title='bbox 43 499 272 540; x_wconf 71' lang='lat' dir='ltr'>‘metuunt&#39;</span> <span class='ocrx_word' id='word_1_35' title='bbox 329 503 393 541; x_wconf 90' lang='lat' dir='ltr'>uel</span> <span class='ocrx_word' id='word_1_36' title='bbox 452 499 637 541; x_wconf 77' lang='lat' dir='ltr'>‘metuit&#39;</span> <span class='ocrx_word' id='word_1_37' title='bbox 693 504 806 540; x_wconf 85' lang='lat' dir='ltr'>iuxta</span> <span class='ocrx_word' id='word_1_38' title='bbox 866 515 1092 541; x_wconf 86' lang='lat' dir='ltr'>mensuram</span> <span class='ocrx_word' id='word_1_39' title='bbox 1148 504 1388 552; x_wconf 68' lang='lat' dir='ltr'>quantitatis</span> 
     </span>
     <span class='ocr_line' id='line_1_8' title="bbox 61 562 203 609; baseline 0.014 -11"><span class='ocrx_word' id='word_1_40' title='bbox 61 562 203 609; x_wconf 59' lang='lat' dir='ltr'>1⁷ch</span> 
     </span>
     <span class='ocr_line' id='line_1_9' title="bbox 42 557 1391 671; baseline 0 -13"><span class='ocrx_word' id='word_1_41' title='bbox 42 557 59 614; x_wconf 71' lang='lat'><strong>(</strong></span> <span class='ocrx_word' id='word_1_42' title='bbox 164 616 238 660; x_wconf 72' lang='lat'>12.</span> <span class='ocrx_word' id='word_1_43' title='bbox 295 634 494 659; x_wconf 75' lang='lat' dir='ltr'><strong>PVRPVREI</strong></span> <span class='ocrx_word' id='word_1_44' title='bbox 526 617 581 671; x_wconf 87' lang='lat' dir='ltr'>T.]</span> <span class='ocrx_word' id='word_1_45' title='bbox 644 621 894 670; x_wconf 84' lang='lat' dir='ltr'>Purpureum</span> <span class='ocrx_word' id='word_1_46' title='bbox 927 623 1001 669; x_wconf 77' lang='lat' dir='ltr'>est,</span> <span class='ocrx_word' id='word_1_47' title='bbox 1042 621 1149 670; x_wconf 86' lang='lat' dir='ltr'>quod</span> <span class='ocrx_word' id='word_1_48' title='bbox 1181 623 1312 660; x_wconf 89' lang='lat' dir='ltr'>totum</span> <span class='ocrx_word' id='word_1_49' title='bbox 1345 634 1391 659; x_wconf 81' lang='lat' dir='ltr'>ex</span> 
     </span>
     <span class='ocr_line' id='line_1_10' title="bbox 40 675 774 733; baseline 0.001 -16"><span class='ocrx_word' id='word_1_50' title='bbox 40 693 222 730; x_wconf 81' lang='lat' dir='ltr'>purpura</span> <span class='ocrx_word' id='word_1_51' title='bbox 254 683 312 718; x_wconf 84' lang='lat' dir='ltr'>est</span> <span class='ocrx_word' id='word_1_52' title='bbox 345 675 408 732; x_wconf 61' lang='lat' dir='ltr'>(ex²</span> <span class='ocrx_word' id='word_1_53' title='bbox 433 676 591 733; x_wconf 71' lang='lat' dir='ltr'>Porph.)</span> <span class='ocrx_word' id='word_1_54' title='bbox 626 675 728 732; x_wconf 81' lang='grc' dir='ltr'>(ΑΓ</span> <span class='ocrx_word' id='word_1_55' title='bbox 739 681 774 719; x_wconf 92' lang='lat' dir='ltr'><em>V</em></span> 
     </span>
    </p>
   </div>
   <div class='ocr_carea' id='block_1_4' title="bbox 41 734 1462 851">
    <p class='ocr_par' dir='ltr' id='par_1_5' title="bbox 41 734 1462 851">
     <span class='ocr_line' id='line_1_11' title="bbox 164 734 1462 851; baseline 0.001 -75"><span class='ocrx_word' id='word_1_56' title='bbox 164 734 238 778; x_wconf 83' lang='lat'>13.</span> <span class='ocrx_word' id='word_1_57' title='bbox 270 751 474 851; x_wconf 65' lang='lat' dir='ltr'>1&gt;ermoso</span> <span class='ocrx_word' id='word_1_58' title='bbox 506 752 557 776; x_wconf 82' lang='lat' dir='ltr'>NE</span> <span class='ocrx_word' id='word_1_59' title='bbox 589 752 695 776; x_wconf 84' lang='lat' dir='ltr'><strong>PEDE</strong></span> <span class='ocrx_word' id='word_1_60' title='bbox 722 736 831 791; x_wconf 66' lang='lat' dir='ltr'>pao]</span> <span class='ocrx_word' id='word_1_61' title='bbox 863 740 1028 788; x_wconf 86' lang='lat' dir='ltr'>Iniusto,</span> <span class='ocrx_word' id='word_1_62' title='bbox 1061 742 1108 777; x_wconf 86' lang='lat' dir='ltr'>ut</span> <span class='ocrx_word' id='word_1_63' title='bbox 1134 734 1268 792; x_wconf 64' lang='lat' dir='ltr'>(Vergs.</span> <span class='ocrx_word' id='word_1_64' title='bbox 1291 738 1389 778; x_wconf 64' lang='lat' dir='ltr'>Aew.</span> <span class='ocrx_word' id='word_1_65' title='bbox 1420 748 1462 777; x_wconf 89' lang='lat'>10</span> 
     </span>
     <span class='ocr_line' id='line_1_12' title="bbox 41 798 312 837; baseline 0.004 -2"><span class='ocrx_word' id='word_1_66' title='bbox 41 798 162 836; x_wconf 80' lang='lat' dir='ltr'>VIIII</span> <span class='ocrx_word' id='word_1_67' title='bbox 192 799 273 837; x_wconf 84' lang='grc'><strong>108</strong></span> <span class='ocrx_word' id='word_1_68' title='bbox 304 813 312 836; x_wconf 74' lang='lat' dir='ltr'><strong><em>z</em></strong></span> 
     </span>
    </p>
   </div>
   <div class='ocr_carea' id='block_1_5' title="bbox 255 877 1024 932">
    <p class='ocr_par' dir='ltr' id='par_1_6' title="bbox 255 877 1024 932">
     <span class='ocr_line' id='line_1_13' title="bbox 255 877 1024 932; baseline 0 -14"><span class='ocrx_word' id='word_1_69' title='bbox 255 877 353 932; x_wconf 85' lang='lat' dir='ltr'>[Ibi]</span> <span class='ocrx_word' id='word_1_70' title='bbox 388 894 478 919; x_wconf 85' lang='lat' dir='ltr'>eum</span> <span class='ocrx_word' id='word_1_71' title='bbox 511 882 636 918; x_wconf 86' lang='lat' dir='ltr'>Turni</span> <span class='ocrx_word' id='word_1_72' title='bbox 667 882 816 919; x_wconf 86' lang='lat' dir='ltr'>iniuria</span> <span class='ocrx_word' id='word_1_73' title='bbox 847 884 1024 920; x_wconf 88' lang='lat' dir='ltr'>matrem.</span> 
     </span>
    </p>
   </div>
   <div class='ocr_carea' id='block_1_6' title="bbox 42 976 1391 1088">
    <p class='ocr_par' dir='ltr' id='par_1_7' title="bbox 42 976 1391 1088">
     <span class='ocr_line' id='line_1_14' title="bbox 42 976 1391 1015; baseline -0.001 -2"><span class='ocrx_word' id='word_1_74' title='bbox 42 976 178 1015; x_wconf 86' lang='lat' dir='ltr'>Potest</span> <span class='ocrx_word' id='word_1_75' title='bbox 211 978 345 1013; x_wconf 89' lang='lat' dir='ltr'>autem</span> <span class='ocrx_word' id='word_1_76' title='bbox 377 976 539 1013; x_wconf 86' lang='lat' dir='ltr'>fortuna</span> <span class='ocrx_word' id='word_1_77' title='bbox 571 978 610 1013; x_wconf 88' lang='lat' dir='ltr'>et</span> <span class='ocrx_word' id='word_1_78' title='bbox 635 978 772 1014; x_wconf 82' lang='lat' dir='ltr'>eontra</span> <span class='ocrx_word' id='word_1_79' title='bbox 797 977 995 1014; x_wconf 85' lang='lat' dir='ltr'>iustitiam</span> <span class='ocrx_word' id='word_1_80' title='bbox 1021 977 1198 1014; x_wconf 79' lang='lat' dir='ltr'>crassari.</span> <span class='ocrx_word' id='word_1_81' title='bbox 1250 976 1391 1013; x_wconf 86' lang='lat' dir='ltr'>Teren—</span> 
     </span>
     <span class='ocr_line' id='line_1_15' title="bbox 42 1030 676 1088; baseline -0.002 -15"><span class='ocrx_word' id='word_1_82' title='bbox 42 1037 122 1074; x_wconf 84' lang='lat' dir='ltr'>tius</span> <span class='ocrx_word' id='word_1_83' title='bbox 157 1030 326 1088; x_wconf 73' lang='lat' dir='ltr'>(adelph.</span> <span class='ocrx_word' id='word_1_84' title='bbox 354 1035 374 1072; x_wconf 87' lang='grc' dir='ltr'><strong>Ι</strong></span> <span class='ocrx_word' id='word_1_85' title='bbox 400 1036 438 1083; x_wconf 79' lang='grc'>2,</span> <span class='ocrx_word' id='word_1_86' title='bbox 465 1030 676 1087; x_wconf 76' lang='lat'>24—26):</span> 
     </span>
    </p>
   </div>
   <div class='ocr_carea' id='block_1_7' title="bbox 255 1107 1464 1277">
    <p class='ocr_par' dir='ltr' id='par_1_8' title="bbox 255 1107 1464 1277">
     <span class='ocr_line' id='line_1_16' title="bbox 752 1107 1464 1145; baseline -0.001 -1"><span class='ocrx_word' id='word_1_87' title='bbox 752 1107 814 1144; x_wconf 87' lang='lat' dir='ltr'>Tu</span> <span class='ocrx_word' id='word_1_88' title='bbox 845 1120 949 1144; x_wconf 84' lang='lat' dir='ltr'>nune</span> <span class='ocrx_word' id='word_1_89' title='bbox 982 1107 1056 1144; x_wconf 87' lang='lat' dir='ltr'>tibi</span> <span class='ocrx_word' id='word_1_90' title='bbox 1420 1114 1464 1145; x_wconf 85' lang='lat'>15</span> 
     </span>
     <span class='ocr_line' id='line_1_17' title="bbox 255 1164 1219 1215; baseline -0.001 -12"><span class='ocrx_word' id='word_1_91' title='bbox 255 1166 301 1203; x_wconf 87' lang='lat' dir='ltr'>Id</span> <span class='ocrx_word' id='word_1_92' title='bbox 333 1165 444 1203; x_wconf 86' lang='lat' dir='ltr'>laudi</span> <span class='ocrx_word' id='word_1_93' title='bbox 476 1165 599 1213; x_wconf 75' lang='lat' dir='ltr'>ducis,</span> <span class='ocrx_word' id='word_1_94' title='bbox 632 1165 738 1214; x_wconf 85' lang='lat' dir='ltr'>quod</span> <span class='ocrx_word' id='word_1_95' title='bbox 770 1168 864 1204; x_wconf 83' lang='lat' dir='ltr'>tune</span> <span class='ocrx_word' id='word_1_96' title='bbox 896 1166 1026 1204; x_wconf 78' lang='lat' dir='ltr'>fecisti</span> <span class='ocrx_word' id='word_1_97' title='bbox 1056 1164 1219 1215; x_wconf 76' lang='lat' dir='ltr'>inopia?</span> 
     </span>
     <span class='ocr_line' id='line_1_18' title="bbox 256 1219 727 1277; baseline 0 -15"><span class='ocrx_word' id='word_1_98' title='bbox 256 1225 455 1262; x_wconf 85' lang='lat' dir='ltr'>Iniurium</span> <span class='ocrx_word' id='word_1_99' title='bbox 487 1227 546 1262; x_wconf 85' lang='lat' dir='ltr'>est</span> <span class='ocrx_word' id='word_1_100' title='bbox 578 1219 727 1277; x_wconf 79' lang='lat' dir='ltr'>(AFV</span> 
     </span>
    </p>
   </div>
   <div class='ocr_carea' id='block_1_8' title="bbox 167 1314 1395 1370">
    <p class='ocr_par' dir='ltr' id='par_1_9' title="bbox 167 1314 1395 1370">
     <span class='ocr_line' id='line_1_19' title="bbox 167 1314 1395 1370; baseline -0.001 -13"><span class='ocrx_word' id='word_1_101' title='bbox 167 1314 242 1358; x_wconf 87' lang='grc'>16.</span> <span class='ocrx_word' id='word_1_102' title='bbox 306 1331 586 1361; x_wconf 81' lang='lat' dir='ltr'><strong>IMPERIVMQVE</strong></span> <span class='ocrx_word' id='word_1_103' title='bbox 637 1316 844 1370; x_wconf 73' lang='lat' dir='ltr'>FRANGAT]</span> <span class='ocrx_word' id='word_1_104' title='bbox 906 1319 991 1357; x_wconf 87' lang='lat' dir='ltr'>Aut</span> <span class='ocrx_word' id='word_1_105' title='bbox 1040 1320 1135 1368; x_wconf 88' lang='lat' dir='ltr'>quia</span> <span class='ocrx_word' id='word_1_106' title='bbox 1183 1319 1395 1368; x_wconf 88' lang='lat' dir='ltr'>imperium</span> 
     </span>
    </p>
   </div>
   <div class='ocr_carea' id='block_1_9' title="bbox 43 1377 1465 1490">
    <p class='ocr_par' dir='ltr' id='par_1_10' title="bbox 43 1377 1465 1490">
     <span class='ocr_line' id='line_1_20' title="bbox 43 1377 1396 1428; baseline -0.001 -12"><span class='ocrx_word' id='word_1_107' title='bbox 43 1391 200 1428; x_wconf 81' lang='lat' dir='ltr'>semper</span> <span class='ocrx_word' id='word_1_108' title='bbox 231 1379 375 1428; x_wconf 78' lang='lat' dir='ltr'>fragile</span> <span class='ocrx_word' id='word_1_109' title='bbox 408 1380 588 1427; x_wconf 81' lang='lat' dir='ltr'>putatur,</span> <span class='ocrx_word' id='word_1_110' title='bbox 621 1380 691 1416; x_wconf 91' lang='lat' dir='ltr'>aut</span> <span class='ocrx_word' id='word_1_111' title='bbox 722 1380 817 1427; x_wconf 86' lang='lat' dir='ltr'>quia</span> <span class='ocrx_word' id='word_1_112' title='bbox 849 1391 1015 1428; x_wconf 84' lang='lat' dir='ltr'>magnae</span> <span class='ocrx_word' id='word_1_113' title='bbox 1047 1390 1107 1416; x_wconf 86' lang='lat' dir='ltr'>res</span> <span class='ocrx_word' id='word_1_114' title='bbox 1134 1377 1396 1417; x_wconf 79' lang='lat' dir='ltr'>deterioratae</span> 
     </span>
     <span class='ocr_line' id='line_1_21' title="bbox 45 1432 1465 1490; baseline -0.001 -14"><span class='ocrx_word' id='word_1_115' title='bbox 45 1441 83 1476; x_wconf 91' lang='lat' dir='ltr'>et</span> <span class='ocrx_word' id='word_1_116' title='bbox 114 1438 271 1476; x_wconf 80' lang='lat' dir='ltr'>fractae</span> <span class='ocrx_word' id='word_1_117' title='bbox 305 1438 503 1485; x_wconf 62' lang='lat' dir='ltr'>dicuntur,</span> <span class='ocrx_word' id='word_1_118' title='bbox 535 1440 582 1475; x_wconf 91' lang='lat' dir='ltr'>ut</span> <span class='ocrx_word' id='word_1_119' title='bbox 613 1437 815 1488; x_wconf 85' lang='lat' dir='ltr'>Vergilius</span> <span class='ocrx_word' id='word_1_120' title='bbox 848 1432 963 1490; x_wconf 68' lang='lat' dir='ltr'>(Aen.</span> <span class='ocrx_word' id='word_1_121' title='bbox 990 1437 1030 1474; x_wconf 91' lang='grc' dir='ltr'>Π</span> <span class='ocrx_word' id='word_1_122' title='bbox 1059 1432 1180 1490; x_wconf 80' lang='lat'>170):</span> <span class='ocrx_word' id='word_1_123' title='bbox 1420 1445 1465 1475; x_wconf 87' lang='grc'>20</span> 
     </span>
    </p>
   </div>
   <div class='ocr_carea' id='block_1_10' title="bbox 258 1521 572 1568">
    <p class='ocr_par' dir='ltr' id='par_1_11' title="bbox 258 1521 572 1568">
     <span class='ocr_line' id='line_1_22' title="bbox 258 1521 572 1568; baseline 0 -10"><span class='ocrx_word' id='word_1_124' title='bbox 258 1521 424 1558; x_wconf 78' lang='lat' dir='ltr'>Fractae</span> <span class='ocrx_word' id='word_1_125' title='bbox 456 1522 572 1568; x_wconf 76' lang='lat' dir='ltr'>uires,</span> 
     </span>
    </p>
   </div>
   <div class='ocr_carea' id='block_1_11' title="bbox 45 1611 707 1751">
    <p class='ocr_par' dir='ltr' id='par_1_12' title="bbox 45 1611 707 1751">
     <span class='ocr_line' id='line_1_23' title="bbox 45 1611 549 1668; baseline -0.002 -14"><span class='ocrx_word' id='word_1_126' title='bbox 45 1618 84 1654; x_wconf 84' lang='lat' dir='ltr'>et</span> <span class='ocrx_word' id='word_1_127' title='bbox 117 1616 214 1653; x_wconf 86' lang='lat' dir='ltr'>alibi</span> <span class='ocrx_word' id='word_1_128' title='bbox 246 1611 361 1668; x_wconf 74' lang='lat' dir='ltr'>(Aen.</span> <span class='ocrx_word' id='word_1_129' title='bbox 389 1616 429 1653; x_wconf 85' lang='lat' dir='ltr'>H</span> <span class='ocrx_word' id='word_1_130' title='bbox 459 1611 549 1668; x_wconf 81' lang='lat'><strong>13):</strong></span> 
     </span>
     <span class='ocr_line' id='line_1_24' title="bbox 257 1694 707 1751; baseline 0 -15"><span class='ocrx_word' id='word_1_131' title='bbox 257 1699 391 1737; x_wconf 77' lang='lat' dir='ltr'>Fraeti</span> <span class='ocrx_word' id='word_1_132' title='bbox 422 1699 524 1737; x_wconf 85' lang='lat' dir='ltr'>bello</span> <span class='ocrx_word' id='word_1_133' title='bbox 559 1694 660 1751; x_wconf 77' lang='lat' dir='ltr'>(AF</span> <span class='ocrx_word' id='word_1_134' title='bbox 671 1700 707 1737; x_wconf 88' lang='lat' dir='ltr'><strong><em>V</em></strong></span> 
     </span>
    </p>
   </div>
   <div class='ocr_carea' id='block_1_12' title="bbox 45 1789 1467 1904">
    <p class='ocr_par' dir='ltr' id='par_1_13' title="bbox 45 1789 1467 1904">
     <span class='ocr_line' id='line_1_25' title="bbox 167 1789 1396 1845; baseline -0.001 -14"><span class='ocrx_word' id='word_1_135' title='bbox 167 1789 241 1833; x_wconf 81' lang='grc'><strong>17.</strong></span> <span class='ocrx_word' id='word_1_136' title='bbox 301 1806 407 1831; x_wconf 81' lang='lat' dir='ltr'>ANTE</span> <span class='ocrx_word' id='word_1_137' title='bbox 439 1790 498 1845; x_wconf 88' lang='lat' dir='ltr'>IT]</span> <span class='ocrx_word' id='word_1_138' title='bbox 561 1793 766 1832; x_wconf 74' lang='lat' dir='ltr'>Praecedit</span> <span class='ocrx_word' id='word_1_139' title='bbox 798 1794 913 1843; x_wconf 84' lang='lat' dir='ltr'>quasi</span> <span class='ocrx_word' id='word_1_140' title='bbox 943 1793 1165 1831; x_wconf 81' lang='lat' dir='ltr'>Necessitas</span> <span class='ocrx_word' id='word_1_141' title='bbox 1198 1805 1326 1830; x_wconf 85' lang='lat' dir='ltr'>eomes</span> <span class='ocrx_word' id='word_1_142' title='bbox 1357 1795 1396 1830; x_wconf 82' lang='lat' dir='ltr'>et</span> 
     </span>
     <span class='ocr_line' id='line_1_26' title="bbox 45 1846 1467 1904; baseline 0 -14"><span class='ocrx_word' id='word_1_143' title='bbox 45 1854 228 1891; x_wconf 87' lang='lat' dir='ltr'>ministra</span> <span class='ocrx_word' id='word_1_144' title='bbox 262 1853 481 1902; x_wconf 83' lang='lat' dir='ltr'>Fortunae,</span> <span class='ocrx_word' id='word_1_145' title='bbox 519 1855 565 1890; x_wconf 89' lang='lat' dir='ltr'>ut</span> <span class='ocrx_word' id='word_1_146' title='bbox 603 1855 662 1891; x_wconf 88' lang='lat' dir='ltr'>est</span> <span class='ocrx_word' id='word_1_147' title='bbox 693 1852 795 1889; x_wconf 85' lang='lat' dir='ltr'>illud</span> <span class='ocrx_word' id='word_1_148' title='bbox 826 1852 995 1902; x_wconf 83' lang='lat' dir='ltr'>Vergilii</span> <span class='ocrx_word' id='word_1_149' title='bbox 1028 1846 1142 1903; x_wconf 69' lang='lat' dir='ltr'>(Aen.</span> <span class='ocrx_word' id='word_1_150' title='bbox 1170 1851 1246 1888; x_wconf 87' lang='lat' dir='ltr'>XII</span> <span class='ocrx_word' id='word_1_151' title='bbox 1274 1846 1395 1904; x_wconf 84' lang='lat'>336):</span> <span class='ocrx_word' id='word_1_152' title='bbox 1422 1859 1467 1890; x_wconf 80' lang='lat'>25</span> 
     </span>
    </p>
   </div>
   <div class='ocr_carea' id='block_1_13' title="bbox 261 1935 1280 1985">
    <p class='ocr_par' dir='ltr' id='par_1_14' title="bbox 261 1935 1280 1985">
     <span class='ocr_line' id='line_1_27' title="bbox 261 1935 1280 1985; baseline -0.002 -12"><span class='ocrx_word' id='word_1_153' title='bbox 261 1936 428 1985; x_wconf 85' lang='lat' dir='ltr'>Iraeque</span> <span class='ocrx_word' id='word_1_154' title='bbox 460 1936 720 1984; x_wconf 81' lang='lat' dir='ltr'>insidiaeque,</span> <span class='ocrx_word' id='word_1_155' title='bbox 753 1935 814 1972; x_wconf 92' lang='lat' dir='ltr'>dei</span> <span class='ocrx_word' id='word_1_156' title='bbox 847 1936 1071 1983; x_wconf 78' lang='lat' dir='ltr'>comitatus,</span> <span class='ocrx_word' id='word_1_157' title='bbox 1104 1937 1280 1985; x_wconf 83' lang='lat' dir='ltr'>aguntur</span> 
     </span>
    </p>
   </div>
   <div class='ocr_carea' id='block_1_14' title="bbox 47 1990 242 2048">
    <p class='ocr_par' dir='ltr' id='par_1_15' title="bbox 47 1990 242 2048">
     <span class='ocr_line' id='line_1_28' title="bbox 47 1990 242 2048; baseline 0 -15"><span class='ocrx_word' id='word_1_158' title='bbox 47 1990 242 2048; x_wconf 74' lang='lat' dir='ltr'>(AFaV</span> 
     </span>
    </p>
   </div>
   <div class='ocr_carea' id='block_1_15' title="bbox 46 2118 1399 2258">
    <p class='ocr_par' dir='ltr' id='par_1_16' title="bbox 46 2118 1399 2258">
     <span class='ocr_line' id='line_1_29' title="bbox 166 2118 1397 2164; baseline -0.002 -11"><span class='ocrx_word' id='word_1_159' title='bbox 166 2123 186 2153; x_wconf 86' lang='lat'>9</span> <span class='ocrx_word' id='word_1_160' title='bbox 213 2130 450 2164; x_wconf 85' lang='lat' dir='ltr'>purpurpura</span> <span class='ocrx_word' id='word_1_161' title='bbox 470 2120 505 2154; x_wconf 91' lang='lat' dir='ltr'><strong><em>A</em></strong></span> <span class='ocrx_word' id='word_1_162' title='bbox 605 2123 646 2153; x_wconf 89' lang='grc'>12</span> <span class='ocrx_word' id='word_1_163' title='bbox 674 2119 726 2153; x_wconf 87' lang='lat' dir='ltr'>ibi</span> <span class='ocrx_word' id='word_1_164' title='bbox 751 2120 834 2162; x_wconf 74' lang='lat' dir='ltr'>fort.</span> <span class='ocrx_word' id='word_1_165' title='bbox 862 2123 978 2153; x_wconf 74' lang='lat' dir='ltr'>ortum</span> <span class='ocrx_word' id='word_1_166' title='bbox 1003 2123 1053 2153; x_wconf 79' lang='lat' dir='ltr'>est</span> <span class='ocrx_word' id='word_1_167' title='bbox 1072 2130 1116 2154; x_wconf 73' lang='lat' dir='ltr'>6oe</span> <span class='ocrx_word' id='word_1_168' title='bbox 1142 2147 1148 2153; x_wconf 95' lang='lat'>.</span> <span class='ocrx_word' id='word_1_169' title='bbox 1171 2146 1178 2154; x_wconf 94' lang='lat'>.</span> <span class='ocrx_word' id='word_1_170' title='bbox 1202 2147 1208 2153; x_wconf 89' lang='lat'>.</span> <span class='ocrx_word' id='word_1_171' title='bbox 1236 2120 1273 2153; x_wconf 86' lang='lat' dir='ltr'>et</span> <span class='ocrx_word' id='word_1_172' title='bbox 1294 2118 1397 2160; x_wconf 81' lang='lat' dir='ltr'>alibi,</span> 
     </span>
     <span class='ocr_line' id='line_1_30' title="bbox 46 2165 1398 2211; baseline -0.001 -10"><span class='ocrx_word' id='word_1_173' title='bbox 46 2167 92 2210; x_wconf 81' lang='lat' dir='ltr'>cf.</span> <span class='ocrx_word' id='word_1_174' title='bbox 119 2167 183 2201; x_wconf 73' lang='lat' dir='ltr'>lin.</span> <span class='ocrx_word' id='word_1_175' title='bbox 214 2171 257 2201; x_wconf 91' lang='grc'>22</span> <span class='ocrx_word' id='word_1_176' title='bbox 378 2171 419 2201; x_wconf 86' lang='grc'><strong>13</strong></span> <span class='ocrx_word' id='word_1_177' title='bbox 447 2167 603 2201; x_wconf 82' lang='lat' dir='ltr'>crassari</span> <span class='ocrx_word' id='word_1_178' title='bbox 629 2166 811 2211; x_wconf 75' lang='lat' dir='ltr'>AFch]</span> <span class='ocrx_word' id='word_1_179' title='bbox 838 2165 1001 2211; x_wconf 84' lang='lat' dir='ltr'>grassari</span> <span class='ocrx_word' id='word_1_180' title='bbox 1027 2167 1121 2207; x_wconf 63' lang='lat' dir='ltr'>edit„</span> <span class='ocrx_word' id='word_1_181' title='bbox 1147 2166 1208 2201; x_wconf 78' lang='lat' dir='ltr'>secl</span> <span class='ocrx_word' id='word_1_182' title='bbox 1233 2166 1278 2208; x_wconf 80' lang='lat' dir='ltr'>ef.</span> <span class='ocrx_word' id='word_1_183' title='bbox 1301 2176 1398 2199; x_wconf 83' lang='lat' dir='ltr'>cras-</span> 
     </span>
     <span class='ocr_line' id='line_1_31' title="bbox 47 2212 1399 2258; baseline 0 -11"><span class='ocrx_word' id='word_1_184' title='bbox 47 2215 149 2248; x_wconf 84' lang='lat' dir='ltr'>sator</span> <span class='ocrx_word' id='word_1_185' title='bbox 183 2215 259 2250; x_wconf 74' lang='lat' dir='ltr'>Cat.</span> <span class='ocrx_word' id='word_1_186' title='bbox 286 2215 333 2257; x_wconf 75' lang='lat' dir='ltr'>fr.</span> <span class='ocrx_word' id='word_1_187' title='bbox 362 2215 464 2258; x_wconf 73' lang='lat' dir='ltr'>apud</span> <span class='ocrx_word' id='word_1_188' title='bbox 493 2214 582 2249; x_wconf 73' lang='lat' dir='ltr'>Gen.</span> <span class='ocrx_word' id='word_1_189' title='bbox 604 2214 654 2247; x_wconf 88' lang='lat' dir='ltr'>XI</span> <span class='ocrx_word' id='word_1_190' title='bbox 674 2218 711 2256; x_wconf 73' lang='lat'>2,</span> <span class='ocrx_word' id='word_1_191' title='bbox 733 2217 752 2247; x_wconf 82' lang='lat'>5</span> <span class='ocrx_word' id='word_1_192' title='bbox 926 2217 967 2247; x_wconf 85' lang='lat'>19</span> <span class='ocrx_word' id='word_1_193' title='bbox 993 2224 1128 2258; x_wconf 83' lang='lat' dir='ltr'>magne</span> <span class='ocrx_word' id='word_1_194' title='bbox 1154 2214 1190 2248; x_wconf 90' lang='lat' dir='ltr'><strong><em>A</em></strong></span> <span class='ocrx_word' id='word_1_195' title='bbox 1335 2212 1399 2247; x_wconf 89' lang='lat' dir='ltr'>de-</span> 
     </span>
    </p>
   </div>
   <div class='ocr_carea' id='block_1_16' title="bbox 48 2260 1397 2354">
    <p class='ocr_par' dir='ltr' id='par_1_17' title="bbox 48 2260 1397 2354">
     <span class='ocr_line' id='line_1_32' title="bbox 48 2260 1397 2306; baseline 0 -12"><span class='ocrx_word' id='word_1_196' title='bbox 48 2261 290 2296; x_wconf 84' lang='lat' dir='ltr'>tererioratae</span> <span class='ocrx_word' id='word_1_197' title='bbox 316 2262 351 2297; x_wconf 89' lang='lat' dir='ltr'><strong><em>A</em></strong></span> <span class='ocrx_word' id='word_1_198' title='bbox 450 2264 493 2295; x_wconf 90' lang='grc'>20</span> <span class='ocrx_word' id='word_1_199' title='bbox 518 2261 618 2306; x_wconf 85' lang='lat' dir='ltr'>uirg:</span> <span class='ocrx_word' id='word_1_200' title='bbox 650 2262 729 2296; x_wconf 77' lang='lat' dir='ltr'>FV</span> <span class='ocrx_word' id='word_1_201' title='bbox 822 2264 864 2294; x_wconf 80' lang='lat'>25</span> <span class='ocrx_word' id='word_1_202' title='bbox 891 2260 1037 2295; x_wconf 86' lang='lat' dir='ltr'>fortune</span> <span class='ocrx_word' id='word_1_203' title='bbox 1063 2262 1098 2295; x_wconf 87' lang='lat' dir='ltr'><strong><em>A</em></strong></span> <span class='ocrx_word' id='word_1_204' title='bbox 1172 2262 1214 2294; x_wconf 89' lang='lat' dir='ltr'>ut</span> <span class='ocrx_word' id='word_1_205' title='bbox 1239 2261 1397 2295; x_wconf 85' lang='lat' dir='ltr'>est—u:</span> 
     </span>
     <span class='ocr_line' id='line_1_33' title="bbox 50 2307 1177 2354; baseline 0.001 -12"><span class='ocrx_word' id='word_1_206' title='bbox 50 2308 159 2353; x_wconf 72' lang='lat' dir='ltr'>Ara]</span> <span class='ocrx_word' id='word_1_207' title='bbox 185 2310 226 2342; x_wconf 90' lang='lat' dir='ltr'>ut</span> <span class='ocrx_word' id='word_1_208' title='bbox 251 2320 292 2342; x_wconf 92' lang='lat' dir='ltr'>u:</span> <span class='ocrx_word' id='word_1_209' title='bbox 320 2310 387 2353; x_wconf 68' lang='lat' dir='ltr'>yV</span> <span class='ocrx_word' id='word_1_210' title='bbox 478 2308 564 2342; x_wconf 82' lang='lat' dir='ltr'>illut</span> <span class='ocrx_word' id='word_1_211' title='bbox 590 2309 625 2343; x_wconf 87' lang='lat' dir='ltr'><strong><em>A</em></strong></span> <span class='ocrx_word' id='word_1_212' title='bbox 722 2307 873 2352; x_wconf 72' lang='lat' dir='ltr'>uei-gilii</span> <span class='ocrx_word' id='word_1_213' title='bbox 898 2308 949 2354; x_wconf 90' lang='lat' dir='ltr'>A]</span> <span class='ocrx_word' id='word_1_214' title='bbox 976 2308 1075 2353; x_wconf 81' lang='lat' dir='ltr'>uirg:</span> <span class='ocrx_word' id='word_1_215' title='bbox 1103 2312 1177 2343; x_wconf 71' lang='lat' dir='ltr'>cett.</span> 
     </span>
    </p>
   </div>
  </div>
 </body>
</html>
