1664 2563
155 821 198 850 10

155 1113 197 1144 15

154 1407 198 1438 20
270 1411 279 1417 ‘

222 78 308 120 296
666 76 916 112 EXPOSITIO
943 76 994 111 IN
1019 76 1130 111 HOR.

341 202 421 228 AVT
460 200 617 226 nvnc-Es
649 184 820 239 ALVMNI]
879 187 982 232 Quos
1014 188 1346 225 nutrimentorum
1378 199 1568 225 commen-

225 249 337 287 daret
370 248 535 296 affectio,
568 253 612 285 ut
644 243 779 299 (Vcry.
803 258 927 295 θωνα.
953 247 993 284 ΙΙ
1021 247 1143 298 523):

436 330 580 368 Dulces
612 329 783 379 pendent
815 330 959 367 circum
991 329 1124 367 oscula
1154 330 1240 367 nati
1272 324 1444 381 (AsbV

343 421 386 463 8.
438 436 643 463 POMIFERO
683 436 818 462 omn
850 437 884 460 Τ.
912 420 968 474 Α]
1025 423 1246 471 Autumno,
1284 435 1360 472 quo
1393 425 1569 472 tempore

223 496 429 532 pomorum
462 485 634 521 maxima
667 484 780 532 copia
811 485 879 520 est.
938 482 1043 519 Nam
1075 477 1162 526 (sec.
1187 476 1346 534 Porpk.)
1379 483 1418 519 et
1449 493 1570 531 graue

224 546 263 580 et
301 543 488 592 pestilens
527 545 681 591 tempus
718 545 784 580 est.
847 541 960 578 Vnde
993 543 1031 578 et
1062 540 1264 578 quenalis
1297 534 1355 591 (4,
1382 540 1448 578 56.
1477 533 1569 592 57):

862 611 947 649 Iam
979 611 1134 649 letifero
1167 610 1326 648 cedente
1357 610 1510 659 pruinis

435 672 650 709 Autumno.

222 754 337 792 Iubet
387 767 479 804 ergo
527 754 798 791 necessitatem
844 753 1032 801 temporis
1076 752 1283 790 deuotione
1327 752 1366 789 et
1409 750 1570 789 deorum

226 813 579 863 supplicationibus
612 812 789 862 mitigari
822 806 837 850 (
840 811 924 848 AF
927 811 1027 849 abV

343 871 539 909 Pomifero
567 882 689 922 graue
716 874 742 908 t.
771 883 804 908 a.
832 866 907 922 (c)]
948 869 1161 908 Pomorum
1187 870 1290 907 enim
1315 869 1426 908 uario
1452 870 1570 919 gustu

223 931 483 981 languescunt
515 943 670 979 quoque
704 941 866 978 corpora
898 932 1087 966 autumno
1121 923 1224 979 (FV

343 985 387 1028 9.
438 1001 522 1026 ΝΛΜ
555 984 736 1038 Qv<A>F]
795 987 968 1025 Victima
999 988 1078 1024 iam
1111 987 1170 1024 dis
1202 986 1347 1024 deuota
1378 981 1504 1039 (AI'b

343 1046 447 1085 ordo
481 1051 557 1085 est:
599 1060 691 1084 nam
724 1046 867 1084 deuota
898 1047 1073 1094 uictima,
1106 1058 1205 1094 quae
1237 1046 1413 1094 pascitur
1443 1045 1571 1083 niuali

224 1107 369 1156 Algido
412 1108 516 1143 inter
561 1117 726 1154 quercus
772 1109 810 1142 et
853 1106 979 1152 ilices,
1024 1107 1093 1142 aut
1139 1105 1279 1142 crescit
1320 1105 1361 1140 in
1404 1103 1570 1141 Albanis

224 1165 367 1213 herbis,
398 1167 554 1215 tinguet
586 1176 737 1202 secures
762 1163 993 1213 pontificum
1021 1163 1169 1201 ceruice
1195 1158 1569 1215 (Pszim.Porph.

341 1220 498 1274 NIVALI]
555 1223 716 1273 Frigido
749 1219 876 1274 (AFI)

346 1277 420 1321 12.
477 1282 585 1320 Iclest
627 1294 794 1332 magnae
837 1281 1024 1319 uictimae
1063 1279 1291 1330 potentibus
1330 1280 1572 1318 conueniunt

245 1342 312 1379 Pb
335 1342 371 1379 V

225 1337 241 1393 <
347 1394 422 1438 13.
475 1412 525 1436 TE
565 1411 677 1436 xunL
709 1395 903 1449 ATTINET]
961 1398 1119 1435 Distare
1152 1397 1248 1435 dicit
1277 1398 1382 1434 inter
1411 1397 1572 1446 publica.

225 1462 263 1496 et
301 1460 463 1508 priuata
501 1458 691 1496 sacrificia
729 1460 767 1495 et
805 1457 913 1494 aliud
951 1456 1200 1506 pontificibus
1232 1456 1457 1504 conuenire,
1501 1455 1572 1504 quj

227 1517 275 1555 ad
307 1516 592 1554 immolandum
624 1517 683 1554 dis
715 1517 864 1553 hostias
890 1527 1053 1565 magnas
1079 1515 1296 1564 inquirunt,
1328 1514 1436 1552 aliud
1460 1514 1572 1552 uelut

225 1577 428 1625 priuatum
474 1576 611 1613 debere
655 1576 903 1624 praeparari,
951 1574 1024 1612 hoc
1069 1575 1128 1611 est
1172 1575 1241 1611 aut
1282 1575 1456 1622 myrtum
1501 1573 1572 1610 aut

225 1647 352 1672 rorem
384 1635 582 1671 marinum
614 1629 740 1686 (ΑΓΖ)
751 1633 787 1671 V
809 1645 852 1671 ex
876 1633 1015 1680 Por-ph.

349 1687 424 1731 14.
476 1691 580 1730 Ordo
619 1695 693 1730 est:
743 1694 782 1729 te
821 1693 1071 1730 coronantem
1107 1702 1250 1739 paruos
1289 1689 1380 1727 deos
1417 1689 1571 1728 marino

226 1764 312 1789 rore
351 1754 389 1789 et
427 1752 562 1801 fragili
599 1755 749 1799 myrto,
786 1750 885 1787 nihil
924 1751 1068 1787 attinet
1098 1749 1292 1798 temptare
1323 1748 1413 1786 illos
1444 1747 1572 1786 multa

227 1810 341 1847 caede
379 1810 607 1847 bidentium.
670 1809 856 1846 Bidentes
895 1810 1026 1846 autem
1063 1807 1220 1857 proprie
1257 1806 1441 1844 dicuntur
1477 1817 1571 1844 oues

227 1869 323 1906 duos
357 1881 477 1906 annos
509 1868 709 1916 habentes,
741 1869 795 1905 sic
828 1868 991 1905 uocatae
1024 1866 1072 1904 ab
1099 1865 1419 1904 eminentioribus
1445 1864 1571 1903 denti-

226 1926 310 1974 bus,
343 1929 411 1975 qui
444 1928 545 1964 circa
577 1926 673 1964 duos
707 1938 827 1964 annos
860 1927 1074 1963 nascuntur
1105 1919 1163 1976 (Γ
1166 1925 1234 1962 bV

349 2042 365 2071 1
412 2038 687 2072 commendaret
730 2039 783 2071 A
773 2051 793 2082 7
802 2038 879 2082 pn]
924 2036 1199 2070 commendarat
1234 2047 1254 2070 r
1261 2049 1282 2080 y
1301 2046 1390 2070 corr.
1417 2035 1483 2070 bV

227 2123 248 2154 4
275 2121 452 2153 autumno
479 2130 550 2162 quo
577 2120 704 2165 rabp]
732 2121 896 2164 autupno
923 2130 995 2162 quo
1024 2119 1057 2153 V
1077 2119 1142 2152 aut
1166 2090 1319 2152 uei-nouo
1302 2117 1337 2151 A
1364 2115 1570 2151 autumnali

228 2176 374 2210 quoque
401 2179 420 2210 γ
554 2171 573 2200 .5
600 2167 759 2200 maxime
784 2167 818 2200 A
953 2169 972 2199 6
998 2166 1145 2209 tempus
1172 2166 1228 2198 est
1252 2163 1370 2208 APb]
1397 2163 1454 2197 est
1477 2163 1571 2197 tem-

227 2225 296 2257 pus
322 2214 390 2248 aV
485 2216 564 2246 12(
553 2214 714 2258 quoque]
741 2224 806 2247 om
820 2214 866 2247 Vc
965 2215 1005 2246 13
1033 2212 1105 2245 diis
1131 2212 1190 2246 Pb
1287 2213 1330 2244 22
1357 2209 1428 2243 diis
1449 2210 1530 2245 s'V

229 2264 272 2294 23
298 2259 490 2304 preparari
515 2271 534 2294 r
558 2262 715 2303 pparare
743 2260 877 2304 Abe
897 2269 1095 2304 preparare
1120 2269 1168 2302 cp
1310 2256 1462 2291 mirtum
1486 2256 1523 2291 A

229 2310 272 2342 26
299 2308 419 2351 myrto
445 2306 480 2351 r]
505 2306 615 2340 mirto
642 2307 735 2350 be
