1664 2563
112 805 155 836 10

113 1219 156 1249 15

180 107 234 147 72
619 105 870 141 EXPOSITIO
897 105 948 139 IN
972 105 1083 140 HOR.

177 220 326 256 tionem
357 218 530 256 Helenae
569 218 739 256 scribens
779 220 957 256 caecatus
996 219 1055 255 est
1094 219 1132 255 et
1170 219 1307 266 postea
1337 229 1525 267 responso

177 278 375 327 Apollinis
413 277 570 315 laudem
608 279 689 315 eius
729 278 886 326 scripsit
924 278 962 314 et
1000 277 1202 314 oculorum
1235 279 1435 326 aspectum
1465 290 1524 314 re-

179 338 292 386 cepit.
356 335 475 374 Cuius
512 338 569 374 rei
608 339 646 374 et
685 337 726 373 in
759 337 910 385 epodon
942 336 1046 374 idem
1077 338 1194 385 poeta
1224 337 1404 374 meminit
1436 330 1526 388 (17,

181 398 233 433 42
256 390 378 448 sqq.):

391 466 555 503 Infamis
587 466 761 504 Helenae
794 465 933 504 Castor
965 466 1131 504 offensus
1163 467 1247 503 uice

392 525 606 574 Fraterque
638 526 773 576 magni
805 524 990 573 Castoris,

391 584 590 633 Adempta
621 586 706 622 uati
737 584 939 622 reddidere
971 585 1122 621 lumina
1154 578 1283 637 (ΑΓα
1303 595 1401 621 cons.
1423 595 1507 631 ocp

298 690 435 715 MATRE
474 690 664 716 PVLCHRA
695 692 728 716 F.
756 675 809 730 Ρ]
867 679 975 717 Idest
1007 680 1300 727 comparatione
1331 679 1526 716 formosae

180 738 399 776 formosior.
475 737 776 787 Comparatiuus
822 739 925 775 enim
970 740 1009 776 et
1052 738 1316 787 superlatiuus
1353 738 1526 786 positiuo

180 797 466 846 praeferuntur,
499 799 543 834 ut
574 797 774 847 Vergilius
808 792 924 849 (Aen.
950 797 970 835 Ι
999 792 1090 849 72):

394 878 568 924 Quarum
600 893 700 929 quae
732 880 860 918 forma
891 894 925 929 p.
954 880 1000 916 D.

182 976 220 1012 et
251 969 334 1026 (ecl.
363 975 400 1022 5,
426 969 520 1026 44):

394 1057 572 1094 Formosi
591 1058 742 1106 pecoris
764 1059 904 1105 custos,
924 1057 1132 1094 formosior
1151 1057 1235 1106 ipse
1255 1051 1530 1109 (Ascons.cp

303 1146 346 1189 3.
383 1161 611 1187 ORIMINOSIS
643 1161 772 1187 PONES
804 1146 959 1201 mimis]
1017 1150 1099 1198 Ipsi
1131 1151 1234 1188 enim
1267 1151 1437 1199 aptiores
1469 1151 1528 1187 in—

182 1211 295 1247 iuriis
328 1212 430 1257 sunt,
463 1209 603 1258 quibus
636 1222 721 1246 eam
753 1209 929 1246 uersibus
961 1210 1129 1246 laeserat
1161 1203 1376 1261 (Ascons.
1396 1221 1452 1257 cp

302 1263 346 1307 4.
393 1280 481 1306 sivi:
524 1280 710 1316 FLAMMA‚
756 1280 843 1305 SIVE
884 1280 984 1305 MARI
1022 1264 1158 1319 Lim-rr]
1221 1268 1297 1306 Hic
1333 1269 1375 1305 in
1412 1269 1529 1306 satis-

183 1329 354 1366 factione
398 1340 469 1377 pro
514 1327 676 1365 delendo
722 1329 892 1365 carmine
938 1324 1073 1378 [dixit]
1119 1327 1218 1364 illud
1255 1327 1529 1378 Vergilianum

185 1389 337 1425 secutus
371 1389 428 1424 est
460 1381 576 1438 (Aen.
603 1387 643 1423 II
672 1387 736 1424 36.
766 1381 863 1438 37):

455 1469 601 1519 Pelago
634 1469 817 1506 Danaum
848 1469 1012 1506 insidias
1045 1470 1301 1518 suspectaque
1333 1469 1436 1506 dona

398 1528 663 1576 Praecipitare
695 1528 804 1566 iubet
835 1528 1097 1576 subiectisque
1129 1541 1240 1565 urere
1271 1528 1450 1565 fiammis.

186 1623 343 1660 Amoris
371 1634 410 1660 se
435 1623 584 1660 fatetur
610 1623 739 1660 furore
765 1634 955 1671 peccasse,
982 1623 1020 1660 et
1045 1622 1210 1670 probare
1236 1623 1323 1659 uult
1349 1623 1404 1659 sic
1428 1622 1530 1659 iram

185 1681 494 1719 moderationem
526 1694 603 1719 non
634 1683 805 1730 recipere
837 1682 878 1718 in
911 1682 1051 1718 animis
1083 1682 1304 1729 hominum,
1346 1681 1530 1729 quemad-

185 1741 345 1777 modum
387 1741 515 1778 alieno
555 1741 685 1778 furore
722 1740 967 1778 bacchantes.
1030 1740 1304 1778 Dindimenem
1343 1752 1366 1777 a
1397 1741 1531 1777 monte

185 1801 353 1837 matrem
393 1799 507 1836 deum
540 1799 654 1847 dicit,
694 1802 738 1837 ut
769 1800 967 1850 Vergilius
1000 1794 1117 1851 (Aen.
1137 1799 1256 1836 VIIII
1284 1800 1378 1836 617.
1408 1793 1530 1851 618):

307 1927 324 1956 1
352 1923 482 1957 helene
504 1924 539 1958 A
613 1924 759 1957 cecatus
781 1924 816 1958 A
914 1927 934 1957 3
955 1923 1099 1968 epodon
1125 1923 1225 1957 idem
1245 1934 1296 1967 γρ
1305 1923 1379 1968 pr]
1401 1922 1532 1966 opido-

187 1969 275 2003 nide
300 1970 336 2003 A
368 1970 487 2014 epodo
520 1971 620 2004 idem
645 1982 720 2014 rep
739 1982 828 2005 corr.
855 1972 967 2015 poeta
999 1971 1076 2015 (sic)
1097 1984 1120 2004 α
1152 1975 1333 2014 ceteraque
1364 1970 1484 2005 omisit

188 2019 208 2049 5
240 2016 338 2061 uice]
364 2018 486 2051 uicem
512 2028 530 2051 c
674 2022 694 2052 8
720 2017 878 2064 formose
904 2019 937 2063 r]
963 2017 1122 2052 formose
1147 2028 1165 2051 c
1208 2016 1367 2051 formoso
1393 2030 1414 2061 y
1457 2015 1532 2050 for-

187 2073 291 2097 mosa
317 2064 384 2106 Ap
500 2067 542 2097 10
567 2064 666 2109 uirg:
695 2066 824 2109 APcp
933 2068 976 2098 15
1002 2065 1137 2099 leserat
1162 2065 1197 2099 A
1306 2068 1350 2098 16
1376 2063 1437 2097 hie
1462 2063 1529 2108 K.]

188 2110 257 2144 hoc
282 2110 383 2144 codd.
508 2114 549 2144 17
578 2111 673 2145 dixit
697 2123 746 2156 cp
765 2124 830 2147 om.
852 2113 887 2146 A
898 2114 958 2145 Γα
1062 2111 1313 2156 uergilianum
1337 2111 1387 2156 A]
1413 2109 1530 2155 uirgi-

187 2157 331 2191 lianum
356 2161 431 2191 cett.
531 2161 573 2191 18
600 2160 657 2192 est
682 2159 801 2204 ΑΓα]
829 2170 894 2194 om.
915 2170 964 2202 cp
1061 2161 1103 2192 19
1124 2158 1259 2202 palago
1278 2158 1314 2192 A
1410 2160 1455 2190 20
1475 2157 1514 2190 iu

188 2204 253 2238 bet
290 2204 441 2249 APap]
476 2203 606 2238 iubent
642 2216 660 2239 c
686 2206 787 2251 Very.
934 2209 977 2239 ‘23
1010 2205 1131 2239 alieno
1163 2204 1285 2238 furore
1316 2204 1382 2249 γρ]
1417 2203 1530 2238 alieni

189 2251 323 2285 fusoris
339 2252 487 2286 Araoe
560 2251 694 2286 bacch:
715 2254 776 2299 γε]
797 2252 1000 2286 bachantes
1015 2253 1139 2296 Arap
1212 2251 1318 2285 dind:
1339 2271 1384 2276 —
1405 2250 1529 2296 dind:]

189 2309 282 2333 ome
354 2297 739 2343 dindimenemAyoeo
767 2299 1028 2343 dyndimenem
1047 2311 1067 2334 r
1080 2310 1144 2334 om.
1149 2309 1177 2343 p
1197 2299 1251 2343 <in
1271 2299 1430 2333 lemmate
1450 2298 1531 2332 din-

190 2345 350 2389 dimene)
449 2348 493 2379 24
518 2347 610 2390 Uerg
629 2346 679 2391 A]
700 2347 799 2390 uirg:
823 2349 883 2380 Γα
903 2358 967 2382 om.
989 2357 1037 2390 cp
