1664 2563
196 525 216 555 5

174 819 217 850 10

175 1115 217 1145 15

173 1434 218 1464 20

175 1740 218 1770 25

243 72 269 113 Ν.)

275 73 328 113 ἱζέ

684 71 809 106 ΕΧΡΟ
815 71 934 106 SITIO
960 72 1013 106 IN
1037 70 1148 106 HOR.

753 253 908 292 OARM.
933 254 995 292 III
1023 256 1076 292 14

445 334 546 389 [ODE
577 349 841 375 TETRACOLOS
873 350 1042 376 METRVM
1075 349 1276 376 SAFFICVM
1307 332 1381 390 (A]

360 410 529 434 METRVM
562 408 790 435 SAPPHICVM
822 408 1187 435 ENDECASILLABVM
1219 392 1345 449 (APb

364 451 406 495 1.
439 467 637 495 HERcvms
669 468 764 494 RITV
795 467 909 493 MODO
942 469 980 493 D.
1008 452 1063 506 o.]
1112 456 1219 494 Haec
1246 455 1316 493 Ode
1341 456 1384 492 in
1408 453 1585 505 Augusti

243 515 401 553 laudem
445 516 629 553 scribitur
670 515 831 553 uictoris
870 528 915 552 ex
952 515 1148 564 Hispania
1184 515 1435 562 reuertentis,
1480 514 1584 564 quod

245 576 376 612 autem
418 574 583 612 Herculi
628 588 715 612 eum
759 575 978 623 comparat,
1027 574 1116 612 ideo
1160 574 1272 622 facit,
1315 575 1360 611 ut
1403 573 1585 612 ostendat

242 633 396 671 labores
435 647 525 671 eum
562 646 640 671 non
677 647 746 682 per
785 633 900 682 alios,
941 633 1008 671 sed
1039 646 1109 682 per
1140 645 1180 671 se
1212 633 1489 670 administrare
1521 627 1585 685 (ex

243 687 402 745 Porplz.)
443 705 513 730 nec
552 693 622 730 sub
660 693 734 729 hac
772 692 1006 730 difficultate
1039 692 1204 741 adipisci
1234 693 1445 729 uictoriam
1474 691 1586 729 breui

242 754 418 801 tempore
445 754 484 789 et
508 752 703 801 proficisci
728 751 778 788 ad
802 752 953 789 bellum
979 753 1017 789 et
1041 751 1186 789 reuerti
1205 752 1397 789 uictorem
1415 744 1588 804 (AsaV

365 805 499 849 1-4.
551 811 655 849 Ordo
700 812 775 848 est:
826 823 847 848 o
891 811 1018 860 plebs,
1070 809 1213 848 Caesar
1256 810 1383 848 dictus
1426 809 1585 859 petiisse

244 870 402 907 laurum
439 870 620 908 uenalem
651 873 776 907 morte
808 870 923 907 modo
955 871 1084 908 uictor
1116 870 1164 907 ab
1195 869 1376 919 Hispana
1407 881 1475 906 ora
1505 869 1586 906 ritu

244 929 424 967 Herculis
456 931 600 978 repetit
631 929 796 967 Penates
829 924 990 980 (FabV

365 984 407 1027 2.
440 1001 578 1026 MORTE
609 1000 799 1026 VENALEM
831 984 885 1038 Ρ]
929 988 1067 1025 Mortis
1100 988 1204 1024 enim
1236 989 1464 1036 contemptu
1494 988 1583 1024 laus

243 1047 432 1085 uictoriae
483 1044 689 1096 quaeritur
738 1049 777 1084 et
826 1047 1029 1096 triumphi.
1115 1046 1334 1084 Laureatae
1384 1047 1488 1084 enim
1537 1046 1584 1084 de

243 1107 411 1144 uictoria
460 1107 616 1144 litterae
659 1106 935 1154 mittebantur,
984 1108 1029 1143 ut
1072 1108 1131 1143 est
1175 1100 1309 1157 (Very.
1341 1104 1438 1143 Aen.
1464 1103 1585 1142 VIHI

246 1166 341 1203 205.
370 1160 492 1218 206):

1303 1223 1356 1260 Et
1385 1224 1509 1261 istum

457 1283 533 1328 Qui
564 1285 649 1320 uita
679 1283 776 1321 bene
809 1283 942 1321 credat
973 1283 1066 1330 emi,
1104 1295 1183 1331 quo
1215 1282 1360 1330 tendis,
1397 1283 1585 1320 honorem

245 1356 282 1392 et
314 1351 429 1407 (Aen.
459 1354 495 1390 V
523 1350 644 1406 230):

455 1425 670 1474 Vitamque
701 1425 842 1462 uolunt
872 1437 944 1474 pro
976 1424 1093 1462 laude
1124 1425 1271 1472 pacisci
1303 1418 1508 1477 (AsabV

361 1487 407 1534 4.
456 1507 606 1533 VICTOR
636 1508 689 1533 AB
722 1492 776 1546 o.]
834 1495 944 1533 Sicut
974 1495 1162 1533 Hercules
1197 1490 1321 1547 (ΑΓΖ)

364 1550 407 1593 5.
442 1567 564 1593 VNICO
598 1566 783 1593 GAVDENS
810 1568 850 1591 M.
877 1551 936 1605 Μ]
985 1554 1143 1591 Liuiam
1169 1554 1265 1592 dicit
1290 1553 1360 1591 sub
1387 1553 1583 1591 castitatis

243 1614 360 1651 laude
391 1616 531 1651 uotum
562 1627 632 1663 pro
667 1613 842 1651 Caesaris
874 1614 1005 1650 reditu
1037 1613 1255 1650 soluturam
1287 1607 1461 1664 (AFbV

363 1669 406 1711 6.
448 1685 636 1710 PRODEAT
669 1684 796 1711 IVSTIS
829 1684 1015 1709 OPERATA
1048 1668 1174 1722 τήνω]
1232 1670 1486 1719 Operationes
1518 1684 1583 1708 ue-

245 1734 345 1769 teres
401 1732 591 1769 sacrificia
647 1732 845 1780 dixerunt,
899 1733 1022 1768 iustos
1072 1743 1165 1768 uero
1215 1730 1345 1778 diuos,
1402 1730 1584 1779 quamuis

246 1792 481 1839 generaliter
525 1791 601 1828 dici
644 1792 812 1839 possint,
857 1804 959 1828 nunc
1002 1792 1133 1827 tamen
1178 1789 1400 1838 specialiter
1439 1790 1584 1837 posuit,

244 1852 449 1898 tamquam
481 1851 549 1898 qui
580 1851 788 1887 uictoriam
820 1850 886 1887 uel
915 1849 1086 1886 reditum
1114 1847 1291 1886 Caesaris
1322 1849 1463 1885 merito
1498 1849 1583 1885 eius

364 1977 383 2006 3
405 1973 571 2007 safficum
592 1975 655 2018 Ay
682 1974 875 2018 saphicum
894 1975 940 2008 rb
1037 1971 1332 2007 endecassillabfi
1346 1972 1381 2006 A
1401 1972 1535 2006 omsb

246 2024 266 2054 4
292 2019 359 2054 hec
386 2022 421 2054 A
529 2025 548 2054 5
576 2021 675 2065 quod
696 2043 738 2046 —
759 2021 850 2055 tacit
877 2034 895 2064 γ
922 2032 965 2054 ex
992 2020 1140 2065 Porph]
1168 2031 1232 2054 om.
1254 2020 1411 2059 Aroch
1495 2021 1515 2051 6
1540 2019 1584 2051 ut

247 2088 289 2091 —
309 2067 468 2113 labores]
496 2080 560 2102 om.
584 2082 607 2101 α
716 2072 734 2101 9
762 2070 799 2102 et
824 2066 921 2112 prof:
950 2068 1000 2113 A]
1026 2069 1068 2101 ut
1093 2066 1191 2111 prof:
1219 2067 1343 2110 1⁷ch
1452 2068 1494 2098 13
1519 2075 1583 2098 ue-

244 2114 307 2148 nal
332 2126 356 2158 p
383 2116 418 2150 A
570 2119 611 2148 14
637 2115 801 2150 laureate
828 2116 863 2148 A
1008 2118 1049 2148 15
1076 2114 1224 2148 litterae
1246 2113 1343 2158 rab]
1368 2112 1499 2146 literae
1525 2112 1590 2156 yV

244 2161 289 2195 lit
356 2163 392 2195 A
490 2165 529 2195 19
558 2164 594 2196 et
620 2167 702 2196 ante
727 2163 918 2206 uitamque
944 2163 1095 2195 euanuit
1120 2162 1209 2195 ‘27va
1306 2163 1349 2193 22
1376 2159 1506 2192 libiam
1519 2159 1583 2193 Ar

246 2208 377 2242 lidiam
402 2210 510 2252 chp
546 2209 687 2252 lydiam
713 2211 753 2251 b;
791 2211 830 2242 vin
868 2209 1065 2252 archetypo·
1094 2209 1267 2252 scriptum
1297 2210 1375 2241 erat
1404 2205 1536 2240 libiam

247 2260 289 2289 23
311 2256 444 2289 cesaris
460 2257 495 2289 A
592 2259 634 2290 24
656 2256 800 2300 antiqui
820 2256 917 2290 enim
938 2255 1112 2289 dicebant
1133 2254 1364 2299 operationes
1385 2252 1494 2299 sacri}
1516 2254 1535 2288 b

247 2318 289 2348 26
317 2307 487 2358 spetialit
510 2316 544 2349 A
642 2319 684 2348 27
713 2315 847 2349 cesaris
874 2315 909 2349 A
