1664 2563
211 77 267 118 64
651 75 901 111 EXPOSITIO
928 77 980 110 IN
1004 76 1117 111 HOR.

330 183 372 227 l.
424 200 447 225 o
485 200 604 226 NAVIS
647 201 859 226 REFERENT
903 201 943 226 IN
987 201 1097 226 MARE
1141 202 1192 226 TE
1236 200 1332 227 Now
1364 185 1419 240 R]
1481 188 1556 227 Per

209 248 440 298 allegoriam
483 247 555 286 ode
598 249 676 285 ista
718 248 867 285 bellum
911 249 1028 286 ciuile
1070 248 1266 299 designat,
1311 250 1357 286 ut
1393 247 1556 297 quidam

209 308 367 355 uolunt,
406 307 475 344 alii
505 307 799 355 rempublicam.
864 306 1016 345 Certius
1047 310 1180 345 tamen
1212 310 1288 355 est,
1327 307 1432 356 quod
1463 306 1554 345 Sex-

209 369 294 404 tum
325 366 557 415 Pompeium
594 366 719 403 filium
751 366 913 415 Pompei
950 369 1125 415 moneat,
1171 367 1256 416 qui,
1298 368 1558 416 posteaquam

165 433 184 463 5
210 426 348 464 foedus
381 438 471 463 cum
501 426 722 463 triumuiris
754 426 859 474 fecit⁷
892 426 1038 463 bellum
1070 426 1187 463 ciuile
1219 426 1348 464 denuo
1372 438 1558 475 reparare

210 485 348 523 uoluit.
412 484 635 522 Secundum
679 488 812 522 autem
855 485 971 523 ciuile
1008 485 1155 522 bellum
1192 485 1295 523 inter
1331 485 1559 535 Augustum

212 544 417 581 Caesarem
456 546 494 581 et
532 543 711 581 Cassium
751 547 789 582 et
824 543 993 581 Brutum
1033 547 1134 592 erat,
1178 545 1247 593 qui
1284 544 1446 582 fuerunt
1483 542 1559 582 Gai

211 603 388 641 Caesaris
444 603 733 651 interfectores,
789 603 861 640 sub
918 604 1058 652 quibus
1108 603 1299 641 Horatius
1354 603 1557 641 militauit.

210 662 484 711 Metaphoram
517 664 650 700 autem
682 663 851 711 sumpsit
883 675 905 699 a
936 663 1049 709 naui,
1085 676 1130 700 ex
1162 663 1271 700 cuius
1304 663 1557 700 armamentis

143 728 184 759 10
212 724 249 759 et
298 722 444 759 milites
495 724 533 759 et
583 722 757 759 diuersas
801 722 931 759 uoluit
975 721 1337 760 administrationes
1380 721 1559 772 intellegi

213 776 269 833 (A
281 782 319 818 Γ
327 795 351 818 α
370 793 469 818 cons.
483 792 539 828 cp

332 847 375 890 2.
408 847 609 902 FLVCTVS]
665 851 820 889 Bellum
852 852 970 889 ciuile
1000 853 1166 890 uocauit
1198 846 1358 903 (AFep

332 918 376 961 3.
408 919 591 974 PORTVM]
642 922 794 970 Pacem,
825 925 870 960 ut
902 923 1108 961 Terentius
1141 917 1286 975 (Andr.
1314 922 1375 959 III
1403 925 1440 971 1,
1467 917 1560 975 22):

553 1016 601 1054 In
634 1019 751 1067 portu
783 1018 930 1068 nauigo
963 1013 1093 1069 (Asc
1112 1029 1214 1055 cons.
1228 1030 1260 1065 p

144 1130 186 1161 15
333 1118 377 1162 3.
412 1117 456 1162 4.
488 1135 622 1160 NONNE
654 1135 773 1160 vas
806 1136 857 1161 VT
889 1136 1029 1161 NVDVM
1062 1136 1096 1160 R.
1124 1119 1179 1174 n]
1219 1123 1424 1161 Nudatum
1454 1124 1559 1161 latus

213 1183 310 1232 fuga
343 1181 453 1220 Cassi
484 1184 524 1220 et
555 1183 764 1220 amissione
797 1184 986 1220 exercitus
1021 1177 1301 1235 (AFconscp

334 1249 377 1292 5.
410 1266 461 1290 ET
493 1265 626 1291 MALvs
661 1265 807 1291 cnm-:m
839 1265 1006 1292 SAVCIVS
1038 1250 1208 1305 Amico]
1252 1252 1382 1291 Graue
1413 1253 1561 1291 bellum

215 1313 392 1363 intellegi
422 1313 551 1350 uoluit
580 1326 650 1362 per
681 1316 847 1351 uentum
878 1316 1198 1362 tempestuosum,
1230 1315 1274 1350 ut
1307 1307 1441 1365 (Very.
1461 1311 1559 1351 Aen.

214 1372 234 1409 I
261 1372 327 1409 85.
356 1373 448 1418 86):

145 1438 189 1469 20
995 1430 1215 1480 Creberque
1247 1431 1429 1480 procellis

429 1501 587 1539 Africus
620 1496 835 1554 (AFcons.
857 1513 913 1549 cp

334 1608 416 1645 *Et
451 1609 577 1645 malus
612 1603 698 1660 (pss
760 1607 904 1656 Arbor,
950 1620 1049 1657 quae
1087 1610 1195 1646 tenet
1231 1608 1381 1656 uelum,
1426 1610 1465 1645 et
1503 1609 1562 1646 est

216 1667 426 1704 masculini
458 1668 609 1717 generis
643 1662 755 1718 (Pop
775 1679 846 1704 om.
866 1678 884 1704 c
912 1709 914 1712 y

335 1751 386 1775 ET
433 1733 584 1788 MALvs]
646 1737 797 1775 Malum
841 1738 1110 1776 summitatem
1155 1738 1304 1775 arboris
1348 1737 1465 1784 dixit,
1515 1738 1562 1774 ut

148 1804 191 1835 25
219 1792 354 1850 (Very.
380 1795 478 1835 Aen.
500 1797 536 1832 V
564 1797 658 1834 828.
688 1792 810 1848 829):

997 1855 1110 1893 Iubet
1142 1856 1248 1894 ocius
1281 1867 1412 1893 omnes

431 1915 576 1953 Attolli
606 1915 741 1952 malos.

340 2089 358 2118 2
380 2085 449 2119 ode
471 2106 512 2110 —
532 2085 678 2131 uolunt]
701 2086 892 2120 odemistsi.
939 2085 1049 2120 ciuile
1068 2084 1209 2120 bellum
1227 2084 1267 2118 in
1286 2083 1458 2128 quodam.
1497 2095 1562 2118 uo-

221 2132 303 2165 lunt
411 2132 505 2166 oden
530 2132 642 2166 istam
667 2134 730 2168 Ar
755 2132 936 2167 odemista
962 2146 985 2166 α
1095 2132 1268 2176 designat
1291 2133 1334 2165 ut
1359 2131 1393 2176 y]
1422 2130 1462 2164 in
1487 2141 1561 2175 qua

220 2180 341 2223 Arcp
446 2183 466 2213 3
492 2179 608 2225 quod]
634 2180 722 2224 quia
747 2192 796 2224 cp
820 2182 862 2214 ut
887 2194 911 2214 α
1014 2183 1035 2212 4
1061 2180 1125 2224 qui
1147 2200 1188 2204 —-
1210 2178 1313 2223 fecit]
1342 2178 1406 2222 qui
1431 2180 1562 2222 postea

221 2226 312 2261 atris
421 2229 440 2260 5
466 2225 573 2260 fedus
600 2227 636 2261 A
731 2227 822 2262 fecit
846 2241 870 2261 α
966 2226 1152 2271 reparare]
1181 2236 1304 2260 cesare
1329 2239 1353 2259 α
1457 2228 1475 2258 7
1504 2236 1562 2259 ce-

223 2284 343 2307 sarem
368 2274 404 2308 A
429 2273 459 2307 85
485 2283 647 2307 cesarem
673 2288 696 2307 α
794 2276 873 2309 erat
899 2274 933 2319 y]
961 2274 1034 2307 fuit
1058 2285 1077 2308 c
1096 2285 1161 2309 om.
1183 2274 1277 2308 Ara
1398 2275 1418 2306 9
1444 2274 1561 2307 meta—

222 2321 377 2365 phoram
408 2321 451 2366 p]
478 2321 761 2366 methaphoram
798 2333 816 2357 c
864 2320 1083 2355 metaforam
1116 2321 1195 2355 ΑΓ
1238 2318 1459 2354 metoforam
1489 2333 1513 2354 α
