1664 2563
622 79 765 115 CARM.
787 81 803 114 Ι
824 84 867 115 28
1336 80 1418 121 109

193 189 269 233 23.
303 206 356 231 AT
382 206 434 231 Tv
459 189 612 244 NAv'rA]
647 193 721 231 Hic
748 194 861 242 quasi
887 193 1094 231 Architam
1119 193 1233 242 ponit
1258 195 1421 231 nautam

72 254 235 303 precari,
267 267 314 291 ne
346 255 548 291 remaneat
579 253 809 302 insepultus,
842 253 909 290 sed
940 253 1019 290 iam
1050 253 1238 290 harenam
1265 253 1421 300 iniciat,

73 325 166 350 nam
197 313 239 350 in
271 313 391 350 sacris
424 315 463 350 et
487 313 559 351 hoc
586 324 706 362 genus
734 313 959 361 sepulturae
984 311 1226 360 tradebatur,
1259 314 1314 359 ut,
1348 313 1422 349 etsi

72 384 150 410 non
182 371 429 421 obrueretur,
470 385 590 409 manu
621 372 739 421 plena
770 374 831 409 ter
861 372 966 409 iacta
997 374 1103 409 terra
1135 371 1318 408 cadaueri
1350 383 1421 420 pro

70 432 276 480 sepultura
309 433 420 479 esset,
453 433 497 469 ut
530 426 664 483 (Vera.
693 429 788 468 Aew.
810 431 866 468 VI
895 432 989 468 365.
1020 426 1142 482 366>z
1472 437 1491 466 5

851 513 934 551 Aut
965 516 1008 551 tu
1040 513 1138 551 mihi
1170 516 1317 551 terram

284 573 400 611 Inice.

70 667 165 705 Ideo
198 669 302 705 enim
334 670 373 706 et
403 668 640 717 particulam
672 668 841 705 harenae
875 668 975 705 dixit
1007 662 1137 720 (ΑΓα
1149 668 1182 704 Γ

192 737 296 777 Ordo
329 741 403 776 est:
437 741 478 776 at
509 741 564 787 tu,
596 742 730 787 nauta,
762 752 809 776 ne
840 752 956 788 parce
987 739 1184 789 malignus
1211 739 1304 776 dare
1330 751 1418 787 par-

71 799 237 835 ticulam
267 811 393 848 uagae
424 799 594 836 harenae
626 799 776 836 ossibus
803 801 841 836 et
867 799 1072 836 inhumato
1098 799 1232 847 capiti,
1264 799 1420 836 etiamsi
1450 804 1491 834 10

71 858 297 906 plectantur
322 858 546 895 Venusinae
573 858 707 906 siluae,
740 858 1011 906 quodcumque
1037 858 1255 895 minabitur
1280 858 1420 905 Eurus,

71 916 272 966 Hesperiis
304 917 486 955 fluctibus
519 920 558 955 et
589 919 718 955 cetera
750 912 833 969 (Γα
845 918 879 955 V

193 983 269 1026 26.
305 983 380 1026 27.
436 999 663 1026 VENVSINAE
708 1000 976 1026 PLECTANTVR
1021 984 1183 1038 SlLVAE]
1245 987 1420 1025 Venusia

70 1048 215 1085 ciuitas
247 1047 417 1097 Apuliae
456 1050 515 1085 est
551 1047 712 1085 confinis
745 1040 958 1095 Lucaniae,
1004 1047 1112 1085 cuius
1145 1048 1283 1095 siluas,
1327 1048 1420 1096 quia

73 1107 273 1145 inmensae
305 1109 408 1155 sunt,
439 1119 510 1156 pro
542 1107 851 1156 quibuscumque
882 1108 1024 1156 posuit.
1087 1107 1285 1144 Admonet
1316 1119 1419 1156 ergo,
1449 1113 1489 1143 15

73 1179 133 1214 ne,
166 1167 322 1204 etiamsi
348 1168 560 1215 tempestas
587 1167 650 1214 sit,
677 1179 777 1215 quae
802 1167 901 1204 tales
928 1167 1049 1204 siluas
1074 1167 1234 1216 plectat,
1261 1167 1420 1204 omittat

71 1225 285 1274 sepeliendi
317 1238 451 1263 curam
483 1220 612 1277 (ΑΓα
624 1226 658 1262 V

193 1292 268 1335 27.
318 1309 537 1338 MVLTAQVE
576 1293 754 1347 MEchs]
817 1296 900 1334 Hoc
933 1298 1007 1334 est:
1052 1310 1121 1334 nec
1154 1297 1336 1334 adtentus
1370 1295 1419 1333 ad

71 1356 223 1393 lucrum
255 1357 416 1393 omittat
448 1356 621 1393 studium
654 1357 759 1394 iusta
791 1356 969 1394 soluendi
1001 1351 1105 1408 (AF
1116 1357 1151 1393 V

193 1421 268 1464 29.
307 1438 577 1469 NEPTVNOQVE
611 1438 728 1463 sAcRI
761 1438 945 1465 ovsronn
978 1423 1172 1478 'rARExTIJ
1222 1427 1297 1465 Vel
1330 1421 1416 1479 (see.
1445 1434 1489 1465 20

71 1481 230 1538 Por-ple.)
263 1487 357 1535 quia
382 1486 589 1535 Neptunus
622 1487 726 1535 apud
753 1487 967 1524 Tarentum
1000 1487 1179 1524 deuotius
1205 1486 1418 1535 colebatur,

71 1546 136 1582 uel
167 1546 260 1594 quia
291 1545 332 1582 in
363 1546 539 1595 Neptuni
571 1546 737 1583 tutelam
770 1546 914 1583 dicitur
945 1546 1083 1593 fuisse,
1121 1559 1187 1583 seu
1220 1547 1313 1594 quia
1345 1545 1418 1583 Pa-

71 1605 215 1653 lantus,
246 1605 423 1654 Neptuni
454 1605 570 1654 filius,
602 1608 699 1654 aput
730 1605 945 1643 Tarentum
976 1605 1138 1643 Herculi
1170 1607 1209 1643 et
1233 1605 1418 1654 Neptuno

70 1665 221 1713 templa
252 1665 471 1713 constituit,
504 1668 548 1702 ut
573 1665 730 1702 fortiter
754 1678 824 1714 per
849 1666 1027 1702 fauorem
1053 1665 1233 1702 Herculis
1260 1665 1418 1712 faceret,

70 1736 141 1772 per
171 1724 400 1773 Neptunum
432 1725 600 1762 feliciter
632 1727 765 1774 ageret
797 1719 926 1776 (ΑΓα
939 1724 971 1760 V
1444 1731 1487 1761 25

194 1864 210 1893 1
232 1859 301 1894 hoc
322 1861 356 1894 A
456 1861 612 1895 arcitam
633 1862 668 1895 A
694 1860 876 1894 architam
896 1864 971 1895 cett.
1068 1861 1223 1894 nautam
1247 1859 1351 1904 ficari
1366 1860 1416 1905 A]

70 1917 174 1950 pree:
202 1909 357 1941 nautam
379 1910 412 1941 Γ
424 1909 457 1943 V
471 1919 519 1952 cp
538 1919 632 1943 cons.
654 1922 677 1942 α
776 1912 794 1941 2
817 1910 872 1942 set
893 1922 912 1952 γ
979 1907 1171 1953 harenam]
1192 1907 1368 1942 heiarena
1382 1909 1417 1941 A

72 1965 222 1988 arenam
250 1956 284 1989 V
404 1955 513 2001 inicz]
540 1956 668 1990 mittat
693 1956 728 1990 A
755 1955 883 1989 initiat
909 1969 928 1999 γ
1074 1959 1093 1989 3
1120 1955 1308 1999 sepulture
1335 1956 1370 1989 A

71 2005 92 2035 8
119 2001 255 2036 harene
276 2003 311 2036 A
456 2006 475 2036 9
503 2003 574 2048 est]
601 2014 666 2037 om.
690 2015 708 2037 r
853 2006 895 2036 13
921 2002 1077 2036 uenusia
1097 2024 1139 2027 —
1160 2003 1301 2048 posuit]
1322 2013 1415 2037 cons.

71 2050 205 2093 Porph.
227 2053 358 2093 eoecept.
382 2050 493 2094 ‘quia
517 2050 611 2084 inni:
640 2050 745 2084 sunt'
854 2053 895 2083 14
923 2050 1046 2094 apulie
1073 2051 1108 2085 A
1207 2054 1249 2084 15
1275 2050 1417 2084 inmen—

72 2107 135 2130 sae
161 2097 212 2142 Γ]
237 2097 403 2131 inmense
429 2099 465 2132 A
490 2098 692 2132 immensae
719 2111 741 2131 α
768 2097 946 2131 immense
980 2098 1013 2132 V
1147 2101 1189 2131 16
1215 2098 1358 2142 plectat
1382 2098 1415 2142 r]

71 2143 199 2178 flectat
218 2145 410 2189 Ayochp
508 2149 550 2179 18
572 2145 746 2179 adtentus
768 2145 818 2190 Γ]
840 2144 1022 2179 aduentus
1042 2145 1077 2179 A
1104 2146 1268 2179 attentus
1291 2146 1369 2189 ch

72 2195 115 2224 22
153 2191 312 2226 tutelam
350 2193 427 2238 Ar]
464 2192 584 2227 tutela
621 2194 753 2237 chp,
791 2193 943 2227 eucw'tuit
968 2206 1012 2236 α,·
1049 2193 1094 2236 cf.
1121 2193 1255 2236 Porph.
1282 2193 1418 2228 codices

71 2239 223 2281 optimos
259 2249 286 2273 c.
313 2239 329 2272 Ι
355 2243 392 2281 7,
426 2243 487 2274 23:
532 2240 625 2274 haee
668 2239 775 2274 arbos
819 2239 858 2273 in
899 2239 1057 2274 tutelam
1100 2240 1270 2274 Herculis
1314 2241 1370 2274 est

29 2324 37 2336 ἱ
73 2288 116 2318 23
136 2286 293 2365 ndeptuni
319 2287 416 2321 filius
436 2287 625 2332 paHantus
653 2288 737 2331 ch
763 2287 950 2331 (palantus
970 2290 1000 2333 c)
1099 2289 1190 2332 aput
1209 2287 1291 2332 Aa]
1313 2291 1360 2331 as)
1390 2288 1422 2320 Γ

35 2337 40 2344 “
73 2342 146 2376 apu
198 2337 273 2368 cett.
