1664 2563
148 755 191 785 10

148 1050 190 1080 15

111 1334 191 1374 ‘20

216 106 302 147 332
658 105 909 140 EXPOSITIO
935 105 987 139 IN
1012 105 1124 140 HOR.

336 212 413 256 33.
472 229 668 255 coxcmsss
719 228 873 254 MAIORE
922 228 1056 255 POETA
1097 213 1151 267 Ρ]
1213 217 1322 254 Iulus
1366 216 1563 254 Antonius

215 277 371 315 heroico
403 279 528 314 metro
554 276 782 314 Diomedias
815 275 1019 313 duodecim
1043 276 1164 314 libros
1191 275 1349 324 scripsit
1374 276 1565 326 egregios,

215 338 419 385 praeterea
451 338 490 372 et
520 347 638 384 prosa
670 335 885 383 aliquanta.
950 334 1137 372 Concines
1170 347 1279 385 ergo,
1311 335 1460 383 inquit,
1490 334 1564 371 hoc

217 397 292 433 est:
338 393 514 433 cantabis
546 393 766 441 nobiscum,
797 396 843 431 tu
874 394 1042 441 Antoni,
1075 390 1236 431 ‘maiori
1267 389 1452 442 plectr0'‚
1483 405 1564 430 me-

216 454 307 491 liori
340 466 454 502 opere
480 454 670 490 uictorem
697 451 903 490 Caesarem
928 465 998 501 per
1023 465 1176 490 sacrum
1204 451 1392 501 Capitolii
1417 452 1564 489 cliuum

217 514 395 562 captiuos
428 511 654 561 Sigambros
684 511 908 549 trahentem
939 524 1009 559 pro
1041 511 1243 560 triumpho
1277 505 1423 562 (ΑΓῙ7

337 566 413 609 34.
471 583 633 607 TRAHET
665 568 866 617 FEROCES]
931 569 1044 618 Quia,
1077 572 1289 618 antequam
1321 570 1564 618 caperentur,

217 631 463 667 centuriones
490 629 698 677 Romanos,
732 630 800 677 qui
832 628 882 666 ad
914 628 1113 677 stipendia
1143 629 1253 666 missi
1279 630 1402 676 erant,
1434 629 1564 666 tentos

218 689 396 726 crucibus
428 688 646 725 defixerunt
678 683 828 740 (AFV

339 742 415 786 36.
447 759 609 784 FRONDE
637 742 897 797 SYGAMBRos]
948 745 1102 784 Laurea
1129 747 1232 784 enim
1258 758 1400 783 corona
1426 746 1564 782 trium-

218 807 385 856 phantes
417 806 629 843 utebantur
661 799 801 856 (ΑΓΘ
809 805 845 843 V

338 860 414 904 37.
459 877 539 907 Qvo
572 860 702 914 NIHIL]
762 863 926 901 Caesare
958 864 1108 901 scilicet
1140 858 1204 915 (cx
1229 858 1388 915 Porph.)
1421 858 1570 915 (APV

337 919 413 962 38.
463 919 578 974 Rom]
633 923 804 972 Propitii
836 918 1020 975 (AFOV

337 978 413 1021 39.
448 994 624 1024 QVAMVIS
656 994 846 1018 REDEANT
878 993 919 1018 IN
950 977 1108 1031 AVRVM]
1157 981 1240 1018 Nec
1267 993 1383 1018 aureo
1410 980 1566 1018 saeculo

218 1042 387 1079 similem
420 1040 578 1078 Caesari
615 1042 746 1077 uirum
783 1042 921 1077 natum
958 1040 1078 1077 fuisse
1116 1042 1186 1076 aut
1222 1041 1330 1077 nasci
1359 1051 1491 1088 posse,
1532 1040 1566 1076 si

217 1101 259 1137 in
291 1114 380 1138 eum
412 1102 560 1137 statum
591 1102 772 1148 tempora
802 1101 1006 1136 recurrant
1039 1093 1141 1150 (AF
1151 1099 1188 1137 V

337 1154 415 1197 41.
448 1169 688 1200 LAETOSQVE
720 1154 832 1208 mss]
882 1157 989 1195 Idest
1020 1158 1198 1206 publicas
1231 1157 1349 1194 ferias
1382 1158 1421 1194 et
1451 1157 1566 1194 laeti-

217 1220 316 1255 tiam
348 1217 525 1255 cantabis
559 1211 742 1269 (AFOV
763 1217 809 1263 cf.
836 1216 977 1263 Porplz.

337 1271 414 1315 44.
448 1287 605 1313 LITIBVS
633 1271 688 1326 o.]
729 1274 923 1312 Orbatum
949 1275 1046 1312 dicit
1071 1275 1200 1312 forum
1224 1275 1360 1312 litibus
1388 1273 1566 1312 Caesaris

219 1337 418 1384 aequitate
452 1330 637 1387 (AFOV

337 1389 415 1432 45.
449 1404 585 1436 SIQVID
617 1388 800 1443 LOQVAR]
853 1392 933 1429 Sub
965 1393 1061 1443 fuga
1092 1393 1343 1442 arrogantiae
1375 1393 1494 1430 etiam
1526 1404 1566 1429 se

218 1453 354 1491 laudes
388 1452 548 1490 Caesari
580 1451 778 1489 dicturum
808 1452 1009 1500 promittit
1040 1445 1145 1503 (ΑΓ
1154 1451 1190 1489 V
1211 1462 1310 1489 eous.
1335 1451 1476 1499 Porph.

339 1506 416 1549 46.
450 1506 527 1550 47.
560 1523 611 1547 ET
644 1522 668 1548 ο
703 1521 776 1547 son
808 1506 1014 1560 PVLCHER]
1067 1509 1198 1547 Solem
1229 1522 1300 1558 pro
1333 1509 1396 1547 die
1421 1510 1565 1558 posuit,

219 1583 296 1620 quo
336 1571 465 1607 uictor
497 1568 640 1607 Caesar
677 1570 874 1618 ingressus
915 1571 982 1606 est.
1044 1568 1100 1605 Vt
1131 1568 1329 1619 Vergilius
1362 1563 1479 1621 (Aen.
1505 1567 1566 1606 HI

148 1638 166 1668 ε
221 1631 315 1667 203.
346 1624 470 1681 204):

396 1699 483 1736 Tris
516 1698 611 1735 adeo
643 1698 812 1735 incertos
845 1709 960 1735 caeca
992 1697 1161 1746 caligine
1193 1697 1292 1735 soles

395 1758 584 1795 Erramus
617 1751 720 1808 (AF
729 1756 766 1794 V

337 1823 415 1866 48.
467 1824 705 1877 c<A>ESARE
742 1822 881 1877 FELIX]
944 1826 1028 1864 Hoc
1067 1827 1142 1863 est:
1185 1839 1255 1876 ego
1293 1826 1388 1863 felix
1426 1837 1564 1863 canam

219 1883 322 1939 <AF
341 1889 425 1925 sim.
450 1887 589 1933 Porph.

339 2014 356 2044 1
385 2010 581 2044 concinens
607 2009 750 2043 maiora
771 2010 807 2043 A
903 2008 1001 2042 iulus
1015 2008 1049 2053 e]
1075 2008 1188 2042 iulius
1202 2009 1306 2052 AVp
1326 2007 1562 2051 eonsPorph.

219 2068 284 2092 om.
308 2059 342 2090 Γ
447 2060 465 2089 2
492 2056 640 2090 heroico
669 2056 764 2100 ch]
791 2055 911 2089 eroico
937 2059 1012 2090 cett.
1123 2059 1143 2089 5
1171 2065 1270 2089 caes:
1299 2054 1374 2099 ΓΡ]
1401 2064 1564 2088 cesarem

218 2105 313 2139 AVo
445 2106 464 2136 6
491 2104 564 2147 sig:
593 2103 672 2148 Ay]
700 2102 901 2136 sicambros
927 2103 1034 2146 erp
1162 2104 1205 2135 10
1231 2101 1427 2146 sygambos
1453 2101 1488 2134 A
1515 2100 1563 2133 si-

219 2151 387 2185 cambros
409 2151 468 2193 Vp
494 2161 588 2183 onae
687 2153 729 2182 12
756 2159 880 2183 cesare
905 2149 992 2190 AV,
1016 2153 1106 2183 recte
1126 2160 1155 2192 Ρ
1253 2153 1296 2182 15
1323 2147 1439 2181 cesari
1465 2148 1569 2191 AyV

217 2202 307 2233 recte
320 2209 370 2241 rp
466 2196 632 2240 potuisse
659 2197 738 2239 ch
884 2199 924 2229 17
952 2195 1076 2229 letitia
1100 2197 1148 2237 A,
1172 2199 1262 2230 recte
1282 2206 1310 2238 Ρ
1453 2197 1496 2227 21
1525 2203 1563 2227 se

218 2244 348 2279 laudes
374 2243 513 2288 Ach]
539 2242 669 2276 laudes
696 2253 734 2276 se
763 2245 797 2276 Γ
925 2246 968 2276 22
996 2243 1137 2276 caesari
1162 2242 1197 2287 r]
1224 2241 1341 2276 cesari
1366 2242 1460 2275 AVc
1485 2251 1563 2275 ces·

219 2292 293 2325 sari
320 2305 339 2335 y
366 2290 525 2324 caesaris
546 2301 574 2333 Ρ
719 2293 763 2322 24
789 2290 847 2335 ut]
873 2300 938 2324 om.
952 2290 1016 2331 Vc,
1042 2299 1117 2323 non
1136 2300 1165 2333 Ρ
1284 2287 1385 2332 uirg:
1412 2287 1512 2322 codd.

219 2341 262 2372 26
290 2349 318 2371 c.
341 2349 369 2372 c.
392 2336 487 2371 soles
513 2337 588 2372 e.V
