1664 2563
635 98 778 134 CARM.
795 99 811 132 Ι
832 103 874 133 12
1374 98 1430 140 59

71 211 223 249 Curius
254 213 489 260 paupertate
521 212 648 249 elai-us
681 211 728 249 de
760 224 854 262 agro
887 211 936 248 ad
968 212 1214 249 consula-tum
1248 214 1431 249 euocatus

83 274 159 319 est,
203 272 271 320 qui
314 283 530 320 numquam
573 271 747 308 totondit
792 271 1004 308 caesariem
1045 273 1207 319 propter
1245 271 1432 307 iniuriam

81 333 301 380 praeturae,
374 329 563 367 Camillus
609 330 655 367 de
700 330 816 368 exilio
860 342 1038 368 reuersus
1083 331 1252 368 uictores
1298 328 1431 368 Gallos

57 389 177 427 1urbe
213 389 368 438 pepulit
407 392 445 427 et
484 389 532 427 ad
571 390 874 427 internetionem
913 389 1070 438 cecidit,
1119 390 1325 438 uictorque
1362 401 1433 427 sua

78 451 222 498 sponte
252 450 294 485 in
327 449 487 486 exilium
518 449 636 486 rediit
668 443 918 500 (AF'aocp

201 514 278 558 37.
312 516 511 571 SCAvssos]
567 519 729 558 Nobiles
762 520 978 567 Romanos,
1011 520 1079 568 qui
1113 522 1151 557 et-
1183 531 1359 557 oensores
1393 521 1432 557 et

80 579 259 617 consules
292 579 452 617 fuerunt
477 574 723 631 (As'ococp

202 645 279 688 38.
335 647 634 701 PRoD1G[N]v)1]
699 649 1018 699 Contemptorem
1074 651 1182 688 uitae
1233 644 1434 702 (F'aocp

82 721 127 747 em
158 710 298 757 Por-ph.

202 776 279 819 39.
313 793 470 819 GRATVS
504 777 674 831 INSIGNJ]
710 780 792 818 Aut
824 781 1069 818 delectabilis
1103 783 1172 818 aut
1204 780 1330 818 libens
1364 781 1433 817 aut

80 841 254 891 gratiam
285 841 436 878 meritis
470 841 611 878 debens
645 835 828 892 (AF'op
849 851 983 877 conse

202 907 385 962 CAMENA]
441 911 555 948 Musa
587 913 656 948 aut
687 914 869 959 poemate
902 906 1036 963 (ΑΓα

201 977 277 1021 41.
322 981 457 1020 *Ordo
495 985 570 1020 est:
614 983 718 1019 hunc
757 984 795 1020 et
828 981 989 1019 Curium
1027 982 1238 1030 incomptis
1279 981 1432 1030 capillis

84 1044 124 1080 et
157 1041 368 1080 Camillum
400 1042 539 1080 utilem
571 1042 674 1079 bello
706 1042 801 1079 tulit
833 1054 953 1079 saeua
983 1046 1196 1090 paupertas
1231 1044 1269 1079 et
1302 1041 1433 1079 auitus

81 1101 225 1139 fundus
259 1114 347 1139 eum
380 1104 472 1150 apto
505 1101 587 1138 lare
620 1095 820 1152 (F'ccocp

200 1173 221 1195 =÷=
233 1169 468 1223 Inoomptis]
525 1172 681 1221 Inpexis
716 1167 786 1223 (F'
801 1186 852 1210 cco
863 1183 881 1209 C
888 1185 918 1219 p

202 1239 279 1283 42.
311 1256 464 1282 VTILEM
496 1240 646 1294 BELLo]
703 1243 758 1280 Vt
789 1242 970 1280 Lucanus
1003 1237 1040 1294 (I
1069 1243 1163 1280 165.
1194 1238 1314 1294 166):

782 1338 965 1376 Fecunda
997 1339 1173 1376 uirorum

369 1397 587 1446 Paupertas
621 1392 676 1449 (A
687 1394 736 1434 F‘
751 1410 806 1444 cp

203 1499 280 1543 43.
344 1516 474 1542 δην).
524 1500 778 1554 PAVPERTAS]
842 1500 1026 1555 [Magna]
1077 1506 1121 1540 ut
1171 1498 1308 1556 (Vm-9.
1335 1502 1432 1541 Aen.

82 1565 103 1602 I
131 1566 183 1602 99
214 1578 222 1601 :

189 1560 204 1617 >
263 1635 412 1673 Saeuus
444 1636 512 1672 ubi
543 1635 741 1673 Aeacidae
773 1635 852 1673 telo
884 1636 987 1672 iacet
1017 1634 1165 1672 Hector
1197 1629 1381 1685 (AF'cp

203 1725 281 1769 44.
331 1742 476 1767 Avrrvs
520 1742 626 1767 APTO
672 1742 753 1767 CVM
798 1742 903 1766 LARE
948 1725 1126 1779 FVNDVS]
1190 1728 1434 1766 Conueniens

84 1790 227 1827 fundus
260 1790 397 1828 domus
430 1790 618 1827 tenuitati
651 1785 768 1840 (AF'
787 1801 887 1826 cons.
908 1801 926 1825 c

203 1855 280 1900 45.
333 1872 503 1898 CRESCIT
547 1872 734 1898 ocovnro
773 1872 905 1897 VELVT
944 1871 1079 1896 Annon
1116 1855 1243 1909 Anvo]
1305 1858 1433 1896 Incre-

84 1923 218 1958 menta
251 1921 354 1958 enim
388 1921 588 1968 arborum,
620 1920 697 1957 nisi
729 1922 989 1968 posteaquam
1021 1918 1234 1966 oreuerint,
1266 1930 1344 1956 non
1377 1918 1434 1955 ui-

84 1980 226 2018 dentur
258 1975 315 2032 (A
325 1976 374 2016 F'
387 1992 418 2027 p
438 1991 538 2017 cons.
559 1991 577 2016 c

203 2045 281 2090 46.
307 2063 420 2087 FAMA
445 2046 672 2101 MARCELm]
705 2049 937 2087 Marcellum
958 2046 1149 2086 Octauiae
1175 2048 1273 2086 dicit
1297 2048 1436 2097 filium,

204 2215 221 2245 1
250 2211 482 2246 consolatum
504 2211 539 2245 A
636 2214 657 2244 4
678 2209 964 2244 internetionem
984 2209 1033 2254 A]
1057 2208 1336 2243 internitionem
1356 2220 1436 2253 γορ

79 2257 375 2293 internecionem
399 2271 418 2294 r
460 2257 746 2293 internicionem
771 2268 820 2290 occ
952 2256 1088 2290 cecidit
1113 2258 1149 2291 A
1305 2260 1325 2290 8
1352 2267 1437 2300 pro-

86 2305 240 2350 dignum
265 2308 313 2349 A,
339 2311 428 2341 recte
453 2317 502 2350 ep
613 2309 655 2339 16
682 2303 840 2348 impexis
868 2314 945 2347 vop
1042 2307 1086 2337 20
1113 2314 1251 2348 magna
1277 2304 1339 2349 ep]
1369 2315 1435 2338 om.

82 2357 161 2387 cett.
265 2357 309 2387 22
338 2364 447 2388 seuus
473 2354 507 2388 A
606 2363 650 2386 ea
677 2351 759 2386 eide
784 2352 819 2385 Α

1462 788 1504 818 10

1462 1108 1503 1138 15

1461 1511 1505 1542 20

1460 1865 1505 1897 25
