1664 2563
155 725 199 756 10

157 1032 200 1063 15

157 1339 203 1370 20

159 1694 203 1725 25

225 47 308 89 186
662 48 913 84 EXPOSITIO
939 49 991 83 IN
1021 49 1130 85 HOR.

222 161 396 210 fastigia,
427 163 472 198 ut
496 160 689 198 Lucrinus
714 161 902 199 Baiarum
933 162 1040 199 lacus
1072 161 1244 211 undique
1275 162 1564 211 conspiceretur

224 215 411 272 (AF'aV
426 221 508 257 sim.
530 221 551 257 b
577 220 715 267 Porple.

343 285 387 329 4.
431 302 721 333 PLATANVSQVE
755 287 925 342 CELEPS]
976 291 1129 339 Plures,
1160 293 1301 341 inquit,
1333 294 1447 329 erunt
1477 291 1563 340 pla‘-

222 351 309 388 tani
352 363 469 398 quam
512 350 627 398 ulmi,
670 350 772 388 idest
815 351 985 400 platani,
1030 363 1128 400 quae
1171 351 1253 388 sine
1296 351 1427 389 fructu
1471 351 1562 399 sint,

222 409 350 459 magis
386 409 434 447 ad
467 409 744 447 amoenitatem
776 409 1101 448 deambulationis
1126 411 1290 458 positae,
1321 423 1439 459 quam
1464 410 1564 447 ulmi

223 469 339 506 utiles
371 468 518 506 uitibus
551 470 589 505 et
620 469 870 506 necessariae.
926 469 1028 507 Hinc
1059 471 1172 506 notat
1203 469 1337 506 luxum
1361 470 1563 518 temporis,

224 527 288 565 uel
326 527 429 576 quod
460 529 612 576 myrtus
645 530 714 565 aut
745 528 914 566 uiolaria
945 529 1214 566 anteferantur
1246 528 1422 576 oliuetis,
1459 528 1564 576 plus-

225 600 300 635 que
325 586 488 624 odorum
515 587 627 635 copia
652 599 771 635 quam
796 587 945 625 fructus
967 589 1159 624 curentur.
1212 586 1372 625 Caelebs
1391 582 1563 638 [autem]

223 645 371 683 uitibus
404 645 525 683 uidua
556 640 773 697 (AF'abV
1550 643 1553 645 Δ

346 712 387 754 7.
444 728 653 754 SPARGENT
698 728 881 755 onlvnms
927 712 1169 767 o.r.1)⁴1>.]
1236 716 1329 754 Ideo
1372 717 1564 754 oliuetum

226 775 325 813 dixit
357 776 486 813 fertile
518 776 675 814 domino
706 777 840 825 priori,
872 777 964 825 quia
996 777 1193 825 praesenti
1225 776 1349 814 solam
1379 777 1565 825 posuerat

225 835 516 873 infertilitatem
547 835 700 884 placere
733 830 893 887 (AF'V

344 901 388 944 9.
428 919 510 944 TVM
543 917 679 943 SPISSA
708 919 744 943 R.
770 902 825 957 n]
882 906 1129 944 Infructuosa
1161 907 1281 943 etiam
1312 906 1464 953 laurus,
1497 907 1566 943 aut

227 965 277 1002 ad
307 965 562 1003 excludendos
594 965 733 1002 umbra
765 977 835 1002 sua
867 966 959 1003 solis
991 965 1146 1003 ardores
1178 965 1326 1014 posita,
1361 966 1429 1003 aut
1461 966 1565 1002 certe

227 1025 320 1073 quia
350 1024 438 1062 ideo
470 1026 511 1061 in
543 1024 741 1062 uiridariis
773 1024 1066 1071 instituebatur,
1098 1024 1201 1072 quod
1232 1023 1395 1062 feruidis
1420 1023 1563 1061 ictibus

226 1084 437 1120 fuhninum
469 1083 697 1121 credebatur
728 1095 809 1121 esse
841 1084 1037 1120 contraria
1069 1077 1260 1134 (AF'bV

346 1150 390 1192 9.
427 1149 502 1192 10.
543 1165 742 1192 FERvmos
776 1165 990 1192 Exenvnnr
1023 1149 1157 1204 Iorvs]
1207 1153 1291 1191 Hoc
1324 1156 1398 1191 est:
1430 1155 1568 1191 contra

227 1215 420 1251 maiorum
457 1213 694 1251 laboriosam
732 1213 1002 1263 frugalemque
1040 1214 1165 1251 uitam
1202 1212 1361 1250 Romuli
1397 1212 1460 1250 uel
1493 1211 1564 1250 Ca-

227 1273 418 1310 tonis...
445 1272 581 1309 luxum
612 1275 866 1321 praesentem.
928 1272 1082 1310 Intonsi
1114 1274 1244 1309 autem
1275 1270 1435 1309 Catonis
1466 1270 1566 1320 ideo,

230 1333 325 1380 quia
362 1331 517 1369 dicebat
554 1333 741 1368 iniuriam
778 1334 942 1368 naturae
974 1330 1075 1378 fieri,
1117 1332 1166 1378 si,
1205 1330 1309 1379 quod
1339 1332 1566 1380 tegumento

229 1391 368 1439 capitis
419 1390 554 1451 datum
603 1391 749 1437 fuerat,
805 1392 1093 1439 amputaretur,
1148 1389 1249 1427 unde
1300 1391 1337 1427 et
1385 1388 1566 1426 Lucanus

229 1449 288 1500 (ΙΙ
314 1450 409 1487 375.
438 1450 559 1502 376);

406 1531 586 1570 Intonsos
616 1532 787 1582 rigidam
818 1532 858 1568 in
890 1532 1059 1570 frontem
1091 1530 1320 1568 descendere
1351 1542 1466 1568 canos

405 1591 546 1628 Passus
579 1592 663 1628 erat
695 1585 909 1643 (As‘abV

351 1679 424 1723 10.
460 1679 534 1723 11.
572 1696 726 1722 Romvnr
757 1680 1083 1735 PRAESCRIPTVM]
1133 1684 1399 1733 Praeceptum,
1431 1695 1454 1720 a
1485 1695 1566 1720 ma-

230 1745 364 1795 gistris
407 1744 491 1781 ludi
527 1746 715 1791 tractum,
759 1745 829 1792 qui
864 1745 1107 1792 praescripta
1146 1743 1240 1780 dant
1276 1743 1424 1791 pueris,
1468 1754 1567 1790 quae

228 1805 435 1841 imitentur
466 1798 626 1854 (AP'V
646 1814 743 1840 cons.
771 1803 907 1850 Porph.

349 1965 369 1995 3
401 1961 524 2006 plures
546 1983 588 1986 —
609 1962 769 2007 necessz]
801 1967 865 1997 aut
902 1963 1044 1997 absciss.
1078 1966 1142 1996 aut
1171 1965 1399 1996 &canuerunt
1427 1960 1468 1994 in
1499 1960 1519 1994 b

231 2012 252 2042 4
278 2008 375 2042 idest
399 2010 494 2055 rav]
521 2009 581 2043 uel
602 2011 636 2043 A
655 2021 721 2044 om.
743 2010 807 2053 yV
898 2009 972 2042 sint
992 2008 1073 2054 Aa]
1100 2009 1185 2042 sunt
1211 2012 1284 2043 cett.
1382 2011 1402 2041 5
1429 2005 1567 2041 ameni-

230 2057 348 2090 tatem
367 2057 403 2090 A
511 2060 530 2090 6
557 2056 787 2090 necessariae
815 2055 877 2102 Γ’]
904 2055 1109 2089 necessarie
1135 2056 1201 2089 Aa
1227 2053 1456 2089 necessariae
1481 2054 1568 2087 sunt

240 2104 318 2147 ch
462 2106 479 2136 7
507 2103 637 2137 mirtus
658 2104 694 2138 A
717 2103 867 2137 mirteta
893 2117 928 2144 oc,
954 2104 974 2137 b
994 2103 1145 2137 euanuit
1287 2105 1307 2135 8
1332 2100 1464 2134 fluctus
1484 2100 1520 2134 A

232 2149 378 2184 caelebs
403 2149 438 2194 r]
465 2149 585 2194 celeps
612 2151 648 2186 A
673 2150 794 2184 celebs
814 2154 888 2184 cett.
993 2151 1117 2183 autem
1136 2149 1248 2184 0m.A
1391 2151 1432 2181 11
1452 2146 1568 2192 priori

233 2196 380 2231 domino
394 2197 457 2231 rV
596 2201 637 2230 1⁶2
657 2197 931 2231 infertilitatem
951 2196 986 2242 y]
1008 2195 1240 2230 fertilitatem
1254 2195 1406 2239 Avap
1432 2193 1567 2228 sterili-

231 2244 350 2278 tatem
362 2255 382 2278 r
480 2247 520 2277 15
540 2243 743 2278 uiridiariis
757 2245 776 2279 b
788 2245 821 2278 V
913 2247 954 2277 17
976 2245 1102 2278 lemma
1116 2256 1137 2277 ν
1148 2243 1191 2277 V:
1218 2241 1301 2276 Non
1319 2241 1374 2276 ita
1387 2241 1520 2276 romuli

234 2295 276 2325 19
299 2319 305 2324 .
329 2319 334 2324 .
357 2291 381 2337 ]
408 2290 500 2324 dicit
524 2302 583 2335 cp,
609 2291 734 2335 posuit
754 2293 796 2336 (ἲ)
818 2291 865 2325 K.
