1664 2563
643 69 787 105 CARM.
805 70 839 104 Π
861 74 902 104 19
1362 70 1448 111 203

94 186 226 222 catam
259 178 360 236 (R),
401 196 500 233 quae
535 182 688 221 Corona
727 183 872 221 dicitur
903 183 995 220 data
1029 182 1168 220 ardens
1201 196 1224 221 a
1255 182 1447 221 Vulcano.

97 243 296 294 Vergilius
329 248 470 295 (gyeory.
495 243 514 280 I
543 237 665 295 222):

276 313 499 363 Gnosiaque
527 313 699 352 ardentis
721 314 884 352 decedat
904 314 1018 352 stella
1040 313 1214 351 Coronae
1235 308 1292 366 (A
1301 311 1409 361 F'ocf
1418 314 1454 351 V

219 380 292 425 14.
323 398 540 428 TECTAQVE
566 381 762 436 PENTHEI]
794 385 840 422 In
861 385 1002 434 quibus
1023 385 1218 423 Pentheus
1246 386 1449 434 captiuum

97 445 283 483 Liberum
331 447 486 494 patrem
529 446 707 482 uinctum
749 445 982 493 recluserat,
1033 444 1080 483 ob
1126 458 1246 493 quam
1291 457 1449 482 causam
1499 452 1519 482 5

95 504 341 543 Baccharum
384 505 515 543 furore
560 504 778 554 discerptus
817 506 893 552 est,
937 505 1001 542 uel
1039 506 1142 542 certe
1180 506 1276 542 nota
1313 503 1450 541 fabula

95 565 179 602 eius
212 567 251 602 et
282 560 502 615 Agau<a>e
533 565 672 601 matris
707 559 926 616 (AF'afV

219 619 294 663 16.
348 637 399 661 ΕΤ
432 620 656 674 EX1T<I>VM
689 620 874 674 LIOVRGI]
935 623 1139 674 Lycurgus
1171 623 1303 674 legum
1335 624 1450 671 lator,

96 695 184 721 cum
226 684 379 721 uideret
415 696 486 732 per
523 684 607 720 uini
647 684 920 721 temulentiam
956 684 999 720 in
1030 695 1156 721 mores
1187 683 1316 721 multa
1347 695 1449 721 com-

96 744 214 791 mitti,
249 743 398 780 abscidi
430 743 546 780 iussit
577 743 730 790 uineta3
762 745 923 792 propter
954 743 1027 780 hoc
1058 742 1264 781 iracundia
1295 742 1450 780 Dionisi
1478 750 1521 780 10

95 816 166 852 per
198 803 370 840 furorem
403 815 516 840 crura
549 815 618 840 sua
652 803 887 851 amputauit,
920 804 959 840 et
989 802 1076 840 ideo
1109 802 1160 839 ad
1190 802 1348 840 laudem
1380 816 1450 839 nu-

97 863 214 900 minis
246 863 380 911 posuit
411 863 612 910 sumptum
644 862 690 898 de
723 863 883 899 inimico
914 862 1152 911 supplicium
1179 857 1351 914 (AF'af
1360 862 1396 899 V

219 916 294 960 17.
345 934 397 959 Τν
428 933 598 958 FLEC'ms
631 917 784 972 AMNEs]
841 921 989 959 Domas
1024 923 1106 959 siue
1139 933 1318 970 superas,
1350 924 1450 959 tam-

96 994 216 1030 quam
266 994 400 1019 eorum
444 993 578 1018 cursus
624 980 844 1028 declinans,
895 993 944 1018 an
988 982 1082 1029 quia
1125 981 1270 1018 multas
1315 983 1449 1031 gentes

95 1041 269 1092 subegit,
307 1043 347 1078 et
383 1053 453 1090 per
491 1053 624 1078 amnes
658 1041 787 1078 uoluit
817 1042 942 1078 terras
975 1039 1186 1091 intellegi?
1226 1042 1295 1078 aut
1326 1041 1450 1078 flectis
1479 1047 1520 1078 15

96 1114 166 1150 per
203 1112 340 1151 gyras,
379 1101 473 1149 quia
512 1101 550 1138 et
586 1100 774 1138 Dionisus
812 1099 896 1137 Nili
933 1099 1084 1138 fontem
1121 1101 1224 1138 sicut
1261 1100 1449 1138 Hercules

95 1158 294 1209 quaesiit?
356 1159 418 1196 An
459 1172 552 1198 uero
591 1160 685 1209 quia
721 1159 875 1197 muneri
914 1160 996 1197 eius
1035 1160 1293 1198 inmiscentur
1325 1172 1450 1209 aquae

95 1221 137 1257 et
169 1220 218 1257 ad
249 1219 473 1257 suauiorem
504 1231 619 1257 usum
650 1218 887 1257 flectuntur?
921 1214 1095 1271 (AF'af
1106 1220 1142 1257 V
1157 1231 1201 1257 ex
1225 1220 1366 1268 Porph.

216 1290 327 1316 MARE
359 1274 599 1329 BARBARVM]
654 1278 853 1325 Indicum,
892 1279 986 1328 quia
1018 1279 1135 1317 Indos
1167 1279 1354 1317 Dionisus
1387 1291 1449 1317 su-

96 1339 270 1387 perauit3
306 1337 519 1376 barbarum
557 1340 689 1376 autem
726 1351 798 1387 pro
837 1350 953 1376 saeuo
993 1350 1038 1376 ac
1076 1339 1250 1377 uiolento
1289 1340 1451 1388 propter
1477 1345 1522 1376 20

96 1398 247 1436 subitas
280 1399 534 1446 tempestates
569 1392 741 1449 (AF'ocf
750 1398 787 1436 V
802 1409 846 1436 εκ
871 1398 1010 1446 Porph.

219 1452 294 1496 IS.
328 1469 549 1494 SEPARATIS
582 1470 622 1494 IN
655 1453 781 1508 1VG1s]
834 1457 1001 1495 Secretis
1035 1470 1080 1496 ac
1112 1459 1274 1496 remotis
1308 1452 1457 1510 (AF'f

103 1530 146 1555 ex
171 1517 310 1564 Porph.

216 1572 383 1627 vvmvs]
440 1575 544 1614 Vino
576 1576 756 1614 madidus
789 1571 996 1628 (As'feoe
1019 1577 1159 1624 Porph.

219 1631 294 1673 20.
327 1647 607 1673 msrnomovm
639 1647 729 1673 SINE
762 1648 796 1673 F.
825 1632 878 1687 c.]
914 1636 1138 1674 Bistonides
1172 1637 1340 1674 Thraces
1367 1650 1450 1674 mu·
1478 1642 1524 1672 25

97 1695 222 1743 lieres,
254 1708 354 1744 quae
385 1695 427 1732 in
459 1694 591 1732 Liberi
623 1696 749 1744 patris
782 1697 902 1733 sacris
934 1696 1118 1734 bacchari
1151 1698 1449 1744 consueuerunt,

98 1767 244 1805 angues
288 1756 487 1805 gestantes
533 1755 574 1791 in
618 1755 747 1804 capite
792 1749 856 1807 (ex
894 1749 1068 1807 Porph.)¹
1133 1751 1247 1793 ‘Sine
1291 1752 1450 1793 fraude'

98 1816 230 1852 autem
263 1810 366 1852 esine
399 1810 717 1862 compositione’,
750 1815 817 1864 qui
851 1815 952 1852 comi
984 1827 1061 1852 non
1093 1816 1280 1864 poterant
1312 1816 1449 1865 utpote

98 1874 270 1922 uiperini
304 1868 407 1924 (AF
410 1869 477 1920 ἀἴ
487 1873 523 1911 V

221 1990 237 2020 1
265 1986 389 2032 uergz]
416 1985 588 2031 uirgilius
616 1987 753 2030 AFaf
772 1988 814 2021 ut
840 1988 906 2021 vV
1010 1991 1029 2021 3
1057 1998 1190 2022 corone
1217 1989 1252 2023 A
1362 1992 1382 2022 8
1409 1988 1453 2022 li-

99 2045 233 2079 curgus
261 2035 325 2079 Ay
350 2033 519 2079 lyuirgus
546 2047 567 2068 ν
592 2033 761 2079 ligurgus
788 2047 838 2069 roc
846 2035 869 2077 f*
878 2035 912 2069 V
1041 2038 1084 2069 10
1110 2035 1344 2070 iracundiam
1370 2037 1405 2070 A

101 2084 145 2116 14
176 2093 304 2116 cursus
334 2080 539 2127 F'ochcp]
578 2081 754 2116 decursus
781 2083 817 2117 A
962 2092 1009 2116 an
1036 2083 1087 2129 A]
1114 2084 1180 2117 aut
1213 2083 1405 2128 F'ochcp

102 2133 144 2163 16
183 2140 295 2174 gyras
332 2129 420 2175 νίν]
461 2129 561 2174 giras
600 2130 755 2174 Ayoch
797 2140 909 2174 gyros
947 2130 1029 2165 edit.
1069 2132 1151 2175 (per
1188 2131 1330 2176 gratias
1362 2134 1404 2176 p)

102 2180 143 2210 17
175 2177 336 2221 quaesiit
361 2176 457 2222 ΑΓ]
485 2176 650 2223 quesiuit
677 2179 711 2212 V
744 2181 768 2222 ᾇ
794 2177 890 2211 sicut
915 2190 937 2211 v
975 2178 1140 2222 quesiuit
1165 2181 1219 2222 αἴ
1309 2180 1453 2213 muneri

101 2221 235 2270 Ayocf]
261 2225 406 2259 numeri
430 2226 524 2259 er
642 2228 682 2259 19
709 2224 891 2259 indicium
918 2225 953 2259 A
1069 2229 1113 2260 20
1138 2226 1344 2261 barbaram-1
1371 2228 1406 2262 A

101 2293 188 2317 seuo
216 2285 251 2318 A
349 2288 391 2318 21
420 2272 563 2327 subitas
586 2286 620 2319 A
719 2289 762 2318 25
788 2284 995 2319 bistonides
1022 2285 1083 2331 vc]
1111 2297 1176 2320 om.
1199 2287 1336 2329 AFaf
1347 2287 1406 2331 Vp

102 2333 145 2364 26
171 2331 346 2365 bacchari
374 2333 440 2378 γρ]
467 2331 621 2366 bachari
648 2333 806 2375 Arva
826 2331 987 2366 bachare
1012 2346 1036 2366 α
1136 2336 1179 2367 28
1207 2333 1340 2368 comiA
