1664 2563
157 807 201 838 10

158 1102 200 1132 15

157 1689 202 1719 25

227 98 312 139 338
670 96 922 131 EXPOSITIO
947 96 1000 130 IN
1025 96 1136 132 HOR.

347 204 422 248 29.
472 220 628 246 FORTES
666 205 898 259 CREANTVR]
952 208 1075 247 Filios
1109 222 1130 245 a
1161 210 1370 258 parentum
1401 221 1480 247 non
1511 209 1575 246 de-

227 281 413 319 generare
445 269 593 306 uii-tute
627 263 730 320 (AV

348 323 555 439 3313&
604 339 646 364 IN
695 338 813 369 EQVIS
863 322 1045 377 PATRVM]
1107 326 1163 364 Vt
1203 322 1340 379 (Vcry.
1363 337 1488 374 yeory.
1514 326 1576 364 ΠΙ

230 388 296 425 75.
325 388 376 424 76
407 401 416 424 ε

653 468 808 506 Pecoris
842 468 1020 518 generosi
1051 468 1183 517 pullus
1216 469 1257 505 in
1292 469 1396 506 aruis

405 528 537 565 Altius
568 527 788 577 ingreditur
820 522 924 579 (AV

347 617 424 660 33.
474 618 659 672 INSITAM]
714 621 950 659 Naturalem
982 615 1086 673 (AV

347 676 423 720 34.
474 692 678 723 RECT1QVE
714 676 886 731 CVLTVS]
943 681 1055 718 Bona
1085 681 1336 718 institutione
1368 679 1479 718 reddi
1509 680 1577 718 bo-

226 755 321 778 num
358 742 524 778 naturae
555 740 790 789 perfectum,
829 752 929 788 quae
962 740 995 777 si
1028 739 1146 787 desit,
1183 739 1280 777 bene
1310 741 1406 776 nata
1437 739 1576 789 depra-

227 801 315 837 uari
348 794 450 851 (AV

345 854 552 908 PECTORA]
608 857 655 894 In
697 857 854 894 laudem
891 857 1063 907 Augusti
1104 857 1270 906 dictum,
1314 857 1422 894 cuius
1460 856 1575 895 domo

226 918 400 955 Nerones
439 917 570 955 educti
607 916 856 966 disciplinam
895 928 1076 965 accepere
1114 917 1308 954 uirtutum
1346 910 1449 968 (AV
1475 927 1576 953 cons.

226 977 365 1024 Porph.

345 1030 581 1084 ROBORANT]
639 1033 880 1071 Confirmant
912 1028 1015 1086 (AV

348 1089 424 1132 36.
480 1089 759 1143 rxDECORANT]
823 1092 1012 1130 Indecora
1052 1092 1204 1129 faciunt
1241 1087 1345 1144 (AV
1366 1103 1410 1130 ex
1435 1092 1575 1140 Porph.

348 1147 424 1190 38.
481 1163 620 1188 TESTIS
653 1163 876 1189 METAVRVM
908 1147 962 1201 R]
1024 1151 1225 1188 Metaurus
1257 1150 1400 1188 fluuius
1432 1151 1480 1189 de
1511 1151 1575 1188 Pi-

227 1211 312 1249 ceni
342 1212 548 1260 prouincia
580 1212 718 1257 oriens,
750 1211 791 1246 in
816 1210 1055 1247 Flaminiam
1087 1210 1304 1258 decurrens,
1336 1222 1435 1259 quae
1465 1211 1576 1260 regio

228 1269 360 1307 G'allia
410 1270 624 1307 dicebatur.
708 1269 824 1306 quta
873 1270 975 1306 hunc
1026 1269 1191 1305 fluuium
1236 1268 1423 1307 Claudius
1466 1269 1573 1306 Nero

227 1329 361 1367 consul
394 1341 481 1366 cum
515 1327 735 1366 Salinatore
769 1329 920 1377 collega
951 1340 1021 1366 suo
1052 1328 1111 1365 ita
1136 1327 1436 1376 Hasdrubalem,
1466 1327 1575 1365 Han-

228 1388 371 1425 nibalis
410 1388 592 1434 fratrem,
630 1388 671 1424 in
709 1387 870 1424 Italiam
909 1387 1054 1424 auxilio
1092 1387 1208 1423 fratri
1245 1400 1432 1437 magnum
1470 1399 1574 1424 exer-

228 1448 350 1484 citum
382 1446 637 1483 deducentem
669 1445 827 1493 deuicit,
859 1448 904 1482 ut
934 1458 1003 1483 nec
1029 1446 1249 1494 profectum
1275 1458 1294 1483 e
1320 1446 1459 1483 castris
1485 1458 1575 1483 con-

228 1506 353 1543 sulem
384 1504 602 1552 Hannibal,
647 1504 740 1540 dum
778 1505 819 1540 in
851 1506 1060 1553 conspectu
1092 1507 1221 1541 castra
1251 1505 1459 1552 munisset,
1503 1517 1574 1542 nec

227 1576 429 1601 reuersum
462 1566 553 1601 ante
585 1564 847 1613 cognosceret,
880 1576 998 1611 quam
1023 1563 1158 1600 fratris
1184 1565 1303 1611 caput
1330 1565 1420 1600 ante
1445 1564 1575 1600 castra

227 1623 446 1671 proiectum
490 1625 529 1659 et
573 1622 619 1659 de
659 1623 830 1659 exercitu
869 1623 950 1659 eius
988 1621 1137 1659 Poenos
1176 1622 1354 1670 captiuos
1392 1621 1574 1670 uidisset3

231 1694 308 1730 quo
339 1681 443 1718 bello
476 1693 594 1730 supra
626 1682 798 1728 quinque
825 1682 864 1717 et
889 1680 1154 1730 quadraginta
1178 1680 1289 1717 milia
1314 1680 1575 1718 Hasdrubalis

233 1740 423 1777 exercitus
457 1752 568 1777 caesa
598 1739 821 1777 referuntur
853 1734 910 1790 (A
921 1739 956 1777 V
977 1739 1238 1786 cows.P0rph.,
1263 1739 1330 1776 sed
1353 1739 1476 1776 multa
1500 1750 1574 1777 om.

347 1867 364 1896 1
392 1863 482 1908 non]
508 1866 556 1897 ιῖο
582 1863 618 1897 A
642 1862 793 1897 nomine
821 1864 898 1906 ch
1044 1866 1064 1896 5
1090 1862 1215 1906 pecori
1241 1862 1277 1896 A
1383 1862 1482 1896 aruis
1508 1863 1573 1908 cp]

227 1910 352 1943 aui-uis
379 1910 414 1943 A
441 1920 470 1943 a.
484 1911 518 1944 V
642 1913 660 1943 9
687 1911 819 1943 nature
846 1911 925 1944 AV
944 1909 1114 1943 naturale
1140 1921 1188 1953 cp
1316 1912 1358 1942 11
1386 1909 1506 1955 cuius]
1533 1910 1573 1943 in

227 1956 331 1989 cuius
358 1957 490 1999 Porph.
598 1961 639 1990 12
668 1958 891 2001 acceperunt
919 1958 952 1991 V
1046 1960 1086 1990 17
1113 1956 1268 2003 Quintia
1293 1957 1329 1990 A
1428 1959 1470 1989 19
1497 1956 1571 1990 col-

226 2003 312 2047 lega
338 2014 402 2036 suo
419 2004 512 2047 ch]
541 2015 605 2037 suo
633 2003 825 2048 collegaA
921 2003 1231 2048 hasdrubalem-c]
1259 2002 1572 2047 asdrubalemAp

227 2049 481 2083 hastrubalem
510 2052 543 2084 V
634 2054 678 2083 20
704 2050 851 2084 italiam
876 2061 894 2085 c
919 2055 952 2084 et
976 2051 1243 2095 Porphyrionis
1262 2050 1311 2094 P]
1337 2049 1446 2083 italia
1465 2050 1571 2094 AVp

227 2097 360 2140 Porplz.
483 2097 706 2131 excercitum
732 2098 767 2131 A
912 2101 956 2130 22
982 2097 1163 2131 hannibal
1191 2097 1253 2142 Vc]
1279 2095 1433 2130 annibal
1457 2097 1525 2140 Ap

226 2143 408 2176 munisset
433 2143 466 2187 c]
492 2144 714 2178 muniuisset
733 2156 762 2188 p
787 2144 994 2178 munissent
1020 2145 1100 2179 AV
1191 2148 1233 2177 23
1261 2144 1499 2188 cognosceret
1518 2144 1571 2189 A]

225 2192 507 2235 recognosceret
534 2192 612 2234 ch
709 2194 753 2224 24
779 2191 963 2225 excercitu
990 2192 1025 2224 A
1121 2201 1236 2236 penos
1262 2191 1298 2224 A
1393 2193 1436 2223 25
1463 2190 1572 2233 quin—

228 2247 299 2280 que
337 2238 374 2271 et
411 2237 661 2282 quadraginta
692 2238 798 2272 milia
824 2239 909 2282 A2);
946 2249 1012 2272 om.
1025 2238 1073 2280 V;
1110 2237 1217 2279 XLV,
1243 2237 1371 2271 omisso
1402 2236 1525 2280 milia,
1551 2249 1572 2272 c

228 2284 321 2327 (LVI
339 2283 444 2317 milia
465 2284 553 2318 elicit
565 2285 714 2327 Liuius)
810 2284 1046 2318 hasdrubalis
1061 2284 1131 2329 Ac]
1146 2283 1372 2317 hastrubalis
1394 2285 1429 2319 V
1443 2284 1572 2318 asdru-

227 2331 324 2365 balis
350 2332 386 2365 P
481 2335 523 2365 ‘26
551 2332 753 2365 excercitus
781 2333 816 2366 A
