1664 2563
199 91 283 132 218
642 88 893 124 EXPOSITIO
919 88 971 122 IN
996 87 1108 122 HOR.

316 214 422 240 RARo
448 213 778 240 ANTECEDENTEM
805 196 856 252 s.]
889 201 1108 249 Tamquam
1133 212 1222 239 raro
1247 212 1374 250 poena
1393 200 1547 238 deserat

198 263 404 301 scelestum
442 264 481 300 et
519 261 701 311 quamuis
733 260 863 308 tarde,
900 263 1033 298 tamen
1063 260 1205 308 puniat
1236 261 1438 307 meritum,
1475 271 1546 297 nec

199 323 251 369 ab
280 335 324 360 eo
356 323 481 371 possit
513 321 628 359 euadi
659 320 726 358 uel
758 319 888 370 effugi,
920 321 964 357 ut
995 319 1195 369 Vergilius
1228 314 1405 372 (Aen.VI
1424 313 1546 371 569):

377 404 544 442 Distulit
574 404 615 440 in
648 415 776 441 seram
807 402 1014 440 commissa
1039 401 1197 452 piacula
1222 403 1377 440 noctem
1401 399 1546 451 (AFab

154 686 174 716 5
730 675 884 714 OARM.
911 675 972 712 ΠΙ
1001 676 1024 712 3

320 797 487 822 METRVM
520 795 727 821 ALOAIOVM
761 794 849 820 s1vn
881 793 1081 819 IAMBICVM
1114 775 1241 834 (ΑΓΖ)

323 838 364 883 1.
414 855 564 881 1vsTVM
602 856 652 880 ΕΤ
691 853 882 879 TENAOEM
919 852 1134 879 PROPOSITI
1164 836 1311 891 vnum]
1366 839 1413 878 In
1442 841 1551 879 secta

203 903 337 941 Stoica
369 904 441 941 hoe
473 903 634 941 dieitur:
667 902 814 940 iustum
840 903 970 938 uirum
994 901 1227 949 honestique
1253 900 1448 949 propositi
1472 912 1551 937 non

203 964 341 1001 terreri
374 963 522 1000 ciuium
548 962 798 1011 opinionibus
824 961 890 997 uel
915 961 1032 997 minis
1059 961 1297 1010 exigentmm
1327 961 1372 997 ut
1398 957 1552 1008 aliquid

135 1029 178 1059 10
204 1023 304 1060 forte
336 1023 483 1059 rationi
515 1021 755 1059 eontrarium
787 1020 858 1057 fiat
890 1014 1049 1072 (ΑΓαό
1066 1019 1102 1056 V
1124 1030 1168 1056 ex
1192 1019 1331 1066 Porph.

323 1080 427 1118 Ordo
472 1082 547 1119 est:
597 1082 744 1118 iustum
788 1080 918 1117 uirum
962 1078 1087 1116 solida
1130 1080 1260 1115 mente
1299 1079 1338 1115 et
1374 1078 1553 1115 tenacem

203 1141 398 1190 propositi
435 1153 512 1177 non
553 1139 684 1189 quatit
716 1139 832 1176 ardor
867 1139 1013 1176 ciuium
1043 1150 1170 1186 praua
1200 1136 1421 1174 iubentium
1453 1130 1556 1188 (FV

322 1195 531 1250 TENACEM]
591 1198 846 1236 Constantem
876 1199 918 1235 in
948 1197 1050 1235 bono
1082 1197 1284 1245 proposito
1316 1190 1496 1248 (APbE

324 1266 367 1310 ⁸2.
417 1282 498 1308 NON
538 1282 677 1308 CIVIVM
715 1265 870 1319 ARDOR]
929 1268 1078 1306 Seditio
1112 1268 1253 1316 iniqua
1283 1267 1554 1316 imperantum

137 1338 178 1369 15
226 1329 333 1368 AFb
352 1330 386 1368 V

206 1325 221 1382 <
325 1385 364 1427 3.
415 1389 503 1427 Non
536 1389 669 1426 uultus
702 1381 829 1441 (Vp)]
890 1386 1087 1424 Seueritas
1120 1380 1251 1438 (PbE
1266 1386 1301 1423 V

323 1459 534 1486 INSTANTIS
579 1443 761 1497 TIRANNI]
825 1446 997 1484 Mentem
1042 1445 1209 1483 solidam
1247 1444 1344 1482 dicit
1382 1444 1479 1481 iusti
1516 1444 1555 1481 et

206 1509 355 1546 tenacis
393 1509 471 1545 uiri
506 1520 585 1545 non
614 1507 844 1556 'permoueri
881 1506 998 1542 minis
1036 1505 1215 1553 tyranni,
1254 1506 1293 1541 et
1330 1504 1403 1541 hoc
1435 1504 1554 1553 auget

206 1580 275 1617 per
316 1568 486 1615 enfasffl,
531 1568 569 1604 et
606 1566 750 1616 gradus
789 1578 812 1602 a
849 1564 996 1613 populo
1034 1564 1084 1601 ad
1121 1576 1271 1613 regem,
1315 1575 1338 1600 a
1375 1574 1466 1612 rege
1505 1560 1555 1599 ad

138 1634 182 1664 20
208 1627 461 1674 elementum,
506 1626 554 1663 ab
600 1626 791 1663 elemento
837 1624 887 1661 ad
931 1623 1063 1671 deum,
1108 1635 1131 1660 a
1168 1623 1238 1660 deo
1278 1621 1327 1659 ad
1363 1620 1552 1658 mundum

228 1685 367 1723 ΑΓαό

210 1680 226 1738 (
325 1755 535 1782 INSTANTIS
585 1739 780 1793 TYRANNI]
846 1742 926 1779 Aut
974 1741 1202 1778 inminentis
1252 1741 1322 1778 aut
1370 1739 1554 1777 terrentis

210 1799 266 1856 (A
275 1805 368 1842 Γαῖ)
400 1805 484 1842 sim.
514 1804 596 1851 ch
628 1803 778 1840 omissis
815 1804 884 1839 aut
911 1832 917 1837 .
941 1831 947 1837 .
970 1831 977 1837 .
1005 1802 1074 1838 aut
1105 1811 1205 1838 cons,
1224 1814 1247 1851 γ
1273 1799 1392 1837 altero
1417 1798 1495 1836 loco

329 1969 345 1998 1
359 1965 499 2010 penaA
596 1967 615 1997 2
626 1963 733 1997 tardo
743 1963 778 1997 A
826 1972 894 1996 nee
909 1961 955 1995 ab
969 1961 1027 2006 eo]
1037 1970 1191 1994 necareo
1201 1960 1236 1994 A
1284 1959 1342 2005 ut]
1354 1970 1419 1994 om.
1431 1959 1509 2003 ch

208 2012 307 2056 uirg:
323 2012 423 2046 codd.
523 2015 543 2045 4
557 2011 713 2045 mortem
727 2011 747 2045 b
844 2013 864 2043 8
879 2008 965 2054 hoo]
980 2019 1045 2043 om.
1058 2009 1106 2043 Vc
1107 2019 1136 2052 p
1233 2010 1253 2040 9
1269 2006 1481 2051 exigentum
1490 2005 1555 2051 K]

210 2058 433 2103 exigendum
471 2059 570 2093 codd.
611 2057 839 2103 exigentium
871 2057 952 2090 edit.
1101 2058 1142 2089 11
1174 2053 1308 2100 solida]
1334 2053 1556 2097 honestique

210 2105 393 2151 propositi
419 2105 540 2139 solida
574 2107 696 2149 Vopp.
717 2116 766 2149 cp
899 2106 941 2136 12
968 2113 1042 2136 non
1068 2101 1207 2147 quatit]
1234 2102 1438 2144 om.Vopp.
1459 2111 1509 2144 ep

210 2153 419 2188 iubentium
444 2152 473 2186 Sc
500 2154 622 2186 cetera
649 2166 668 2196 γ
768 2155 810 2185 14
836 2150 1087 2194 imperantum
1113 2149 1179 2194 K.]
1206 2149 1382 2193 speranti]
1408 2147 1444 2182 A
1475 2156 1555 2191 spe-

210 2200 374 2235 rantium
411 2204 485 2235 cett.
514 2211 532 2234 c
568 2199 832 2243 imperantium
870 2198 889 2232 b
892 2208 921 2241 p
1065 2199 1105 2230 17
1144 2196 1306 2230 mentem
1326 2215 1369 2219 —
1389 2193 1555 2240 tyranni]

212 2260 276 2283 om.
289 2249 367 2291 ch
466 2250 507 2281 18
523 2246 661 2280 tiranni
671 2247 705 2280 A
805 2248 846 2279 19
862 2243 1050 2279 enfasinA
1062 2246 1121 2277 Γα
1130 2244 1192 2278 bE
1199 2243 1261 2288 Vc]
1271 2241 1478 2286 emphasim
1480 2253 1510 2286 p

212 2295 349 2340 gradus
376 2295 509 2329 AFocb
520 2294 570 2340 V]
596 2293 767 2338 graditur
792 2304 840 2336 cp
951 2294 994 2325 20
1022 2290 1140 2324 addeo
1167 2290 1202 2324 A
1312 2293 1355 2323 22
1381 2287 1556 2323 instantis

214 2344 337 2377 autem
363 2343 439 2386 tyr:
467 2343 528 2375 Γα
626 2340 766 2374 tiranni
794 2341 828 2374 A
