1664 2563
607 55 750 90 CARM.
769 55 784 88 Ι
805 59 848 89 34
1322 54 1402 95 121

179 165 254 209 ll.
287 180 639 211 ATHLANTEVSQVE
671 164 795 218 Fons]
834 168 1003 205 Athlans
1037 169 1139 205 enim
1171 182 1282 207 mons
1316 165 1408 219 [esu

55 225 143 280 qui]
175 230 217 267 in
247 229 390 267 ultimo
423 227 570 266 Oceani
601 228 675 265 fine
708 228 926 277 porrigitur
955 222 1081 279 (AFf
1092 228 1127 265 V

179 295 253 339 12.
289 295 366 339 13.
422 312 556 338 VALET
587 311 660 336 IMA
694 310 841 336 smnus
874 311 913 335 M.
942 311 993 335 ET
1023 311 1047 335 1.
1075 311 1110 336 A.
1138 312 1176 336 D.
1204 296 1258 350 R]
1320 300 1407 337 Hoc

57 361 134 398 est:
165 360 314 409 poterit
343 359 549 397 hominum
581 358 674 396 deus
707 360 860 395 mutare
891 358 1070 396 fortunas
1104 353 1232 411 (AFf
1242 359 1277 396 V

179 425 255 470 14.
305 429 480 468 Obscura
513 424 642 482 (Vp)]
698 429 896 479 Ignobilia
928 424 1009 482 (Ff
1019 430 1055 467 V

177 513 362 540 OBSCVRA
393 497 601 551 PROMENS]
649 500 757 539 Idest
787 501 886 539 uiles
918 513 1104 550 personas
1138 501 1188 538 ad
1218 501 1406 539 honorem

56 561 200 599 ducens
233 556 360 613 (AFf
369 561 406 599 V

176 644 273 670 HINC
311 628 484 682 APICEM]
549 627 755 680 ‘Apicem’
788 633 1058 669 summitatem
1095 633 1323 680 potestatis,
1361 634 1407 669 ut

56 692 260 742 Vergihus
292 686 408 744 (Aen.
435 691 512 728 XH
538 692 634 728 492.
663 685 785 743 493):

555 774 719 822 Apicem
752 776 885 811 tamen
916 775 1040 812 incita
1071 787 1270 812 summum

270 833 398 871 Hasta
430 834 526 871 tulit
558 828 686 885 (AFf
696 834 731 871 V

181 922 257 968 14.
294 923 371 967 15.
428 940 561 965 RAPAX
594 924 801 979 ῈΟΚΤνΝΑ]
862 927 1087 975 Mutabilis,
1121 930 1168 965 ut
1200 928 1408 966 Terentius

58 983 199 1040 (hecyr.
226 987 286 1025 ΙΠ
314 989 350 1036 3,
378 982 471 1040 46):

237 1069 269 1108 O
302 1070 493 1119 Fortuna,
524 1072 571 1108 ut
602 1083 821 1119 numquam
854 1082 892 1108 es
924 1073 1116 1119 perpetuo
1148 1070 1268 1108 bona!

60 1160 317 1218 (AF(7f·)V

180 1235 285 1274 Ordo
325 1238 400 1274 est:
444 1236 622 1274 Fortuna
658 1248 782 1284 rapax
813 1236 904 1273 hinc
937 1236 1102 1274 sustulit
1135 1237 1286 1285 apicem
1318 1249 1408 1274 cum

60 1298 179 1333 acuto
212 1295 392 1343 stridore,
423 1295 486 1333 hic
518 1295 666 1345 gaudet
697 1296 875 1344 posuisse
908 1290 948 1347 (γ
960 1295 1022 1343 Vp
1043 1307 1112 1333 om.
1133 1308 1154 1333 r

183 1361 258 1406 15.
310 1378 510 1404 srmnom:
541 1363 695 1417 Acvro]
751 1366 952 1404 Luctuoso
984 1367 1082 1415 illis,
1126 1379 1224 1416 quos
1257 1367 1408 1405 dederit

61 1422 148 1478 (leq.
176 1420 352 1478 deserit),
384 1427 468 1464 31116
501 1437 653 1474 sonoro,
685 1428 731 1463 ut
764 1420 879 1478 (Hor.
906 1437 1022 1464 carm.
1050 1426 1069 1463 I
1098 1427 1164 1474 16,
1193 1428 1227 1464 7.
1256 1421 1319 1479 8):

276 1567 339 1606 Sic
372 1569 575 1618 geminant
607 1509 848 1617 Coryffissgs
881 1581 971 1606 aera
1004 1563 1107 1621 (AF

184 1658 260 1702 16.
298 1662 406 1701 Idest
436 1663 527 1701 hinc
560 1664 702 1712 eleuat,
734 1663 797 1701 hic
831 1663 960 1711 deicit,
992 1666 1134 1700 mutua
1165 1664 1252 1701 uice
1283 1676 1409 1700 unum

60 1722 252 1771 exaltans,
284 1722 453 1760 alterum
483 1722 699 1760 humilians
732 1717 835 1775 (PV

184 1887 201 1917 1
230 1882 377 1917 athlans
403 1883 480 1929 Ar]
509 1882 632 1917 athlas
658 1883 736 1927 ch
763 1847 859 1916 athlas
874 1893 902 1926 p
922 1894 987 1917 om.
1008 1882 1031 1925 f
1122 1884 1178 1917 est
1198 1882 1262 1927 qui
1282 1883 1376 1918 PVc
1382 1894 1411 1927 1)

62 1941 128 1965 om.
150 1931 185 1965 A
193 1930 216 1973 f
308 1934 327 1964 3
354 1933 433 1965 ima
458 1931 493 1965 Α
592 1934 609 1964 7
639 1930 776 1964 ducens
803 1930 972 1976 Achp]
1000 1930 1104 1964 ducit
1132 1931 1165 1964 V
1256 1934 1276 1965 8
1302 1932 1345 1964 ut
1365 1951 1408 1955 —

63 1977 167 2023 tulit]
188 1989 282 2012 onm·
379 1982 398 2012 9
425 1978 528 2022 Uerg.
542 1978 592 2024 A]
607 1978 707 2023 uirg:
735 1982 810 2012 cett.
912 1981 954 2011 10
975 1977 1082 2022 apice
1096 1979 1131 2012 A
1232 1982 1273 2012 16
1293 1988 1409 2022 rapax

61 2024 276 2107 {ffffing-Jss
420 2028 461 2059 19
501 2025 580 2060 sine
612 2027 647 2060 A
793 2028 835 2059 22
868 2024 929 2059 hic
962 2025 1001 2059 d:
1035 2026 1129 2071 AF]
1161 2025 1249 2060 hinc
1275 2025 1314 2059 d:
1351 2026 1411 2069 Vp

1436 782 1481 812 10

1436 1174 1480 1204 15

1435 1517 1482 1547 20
