1664 2563
171 558 193 588 5

151 852 195 884 10

153 1160 195 1191 15

152 1796 197 1826 25

223 48 307 90 122
663 43 911 79 EXPOSITIO
937 44 989 78 IN
1014 44 1124 79 HOR.

753 227 905 265 CARM.
933 228 952 265 Ι
980 229 1032 265 35

656 331 729 385 [AD
762 346 980 373 FORTVNAM
1013 329 1067 387 (A
1077 330 1131 385 Β]

337 431 507 468 Metrum
545 429 698 467 duobus
736 429 916 467 uersibus
954 429 1177 478 Alcaicum,
1214 431 1356 467 tertius
1395 429 1561 467 dimeter

219 491 458 530 nouenarius
490 489 694 537 iambicus,
727 490 893 537 quartus
926 488 1158 526 Pindaricus
1192 483 1342 540 (BFV

342 551 375 586 1.
428 560 452 585 o
484 560 581 585 DIVA
609 559 774 585 GRATVM
800 560 835 590 Q.
863 561 898 584 R.
926 544 982 598 Α]
1038 547 1144 585 Haec
1171 547 1242 585 ode
1269 547 1319 584 ad
1343 547 1562 585 Fortunam

221 610 367 658 scripta
394 611 462 655 est,
489 609 554 645 cui
581 606 758 644 Caesaris
785 606 995 644 aduersum
1021 607 1250 644 Brittannos
1276 607 1560 656 profectionem

221 667 477 706 commendat.
540 666 652 715 Aput
683 665 849 703 Antium
882 668 1015 704 autem
1047 668 1105 703 est
1136 666 1335 704 Fortunae
1367 666 1560 715 templum

222 728 540 774 famosissimum,
571 726 788 763 multorum
820 726 940 762 etiam
971 726 1195 774 principum
1221 725 1332 763 donis
1359 727 1561 772 ornatum3

221 786 324 823 unde
382 787 501 823 etiam
558 786 700 822 ciuitas
750 784 949 822 Fortunae
998 785 1123 833 ipsius
1173 784 1300 821 tutela
1349 783 1455 822 dicta
1505 785 1564 822 est

223 840 279 897 (A
288 845 424 883 Pcsz
438 855 535 881 cons.
557 844 693 891 Porph.

342 900 385 942 ⁸2.
418 899 639 953 PRAESENS]
674 902 831 950 Parata,
856 904 994 951 potens
1020 904 1172 939 mutare
1199 904 1326 940 status
1351 902 1557 940 hominum

222 964 286 1001 uel
317 963 602 1011 rempublicam
636 956 737 1013 (ΑΓ
748 962 784 999 V

341 1017 386 1060 4.
441 1017 646 1071 VERTERE]
709 1019 964 1067 Conuertere,
1007 1022 1160 1057 mutare
1203 1015 1266 1071 (esc
1296 1015 1473 1072 Porph.),
1516 1022 1564 1057 ut

223 1077 356 1134 (Vergs.
384 1079 480 1119 Aen.
508 1080 563 1117 XI
590 1081 684 1118 426.
713 1074 835 1131 427):

786 1150 934 1187 Multos
966 1152 1122 1187 mutata
1152 1151 1327 1188 reuisens

434 1210 549 1248 Lusit
581 1212 620 1247 et
649 1211 691 1246 in
723 1209 847 1247 solido
879 1221 1014 1246 rursus
1040 1209 1217 1247 Fortuna
1248 1209 1398 1247 locauit
1418 1203 1521 1261 (AF
1531 1209 1564 1246 V

342 1288 386 1332 5.
436 1289 581 1343 AMBIT]
637 1292 778 1342 Rogat,
810 1292 1010 1341 supplicat
1042 1286 1145 1344 (AF
1155 1292 1190 1329 V

342 1348 386 1391 6.
418 1364 606 1389 DOMINAM
637 1347 857 1401 AEQvoms]
889 1351 1066 1389 Fortuna
1097 1351 1200 1387 enim
1233 1352 1272 1388 et
1302 1351 1466 1399 aequori
1497 1349 1564 1388 do-

223 1413 410 1459 minatur,
440 1412 499 1448 ita
530 1413 576 1448 ut
608 1413 646 1448 et
678 1423 701 1448 a
731 1410 1014 1460 nauigantibus
1045 1411 1254 1447 inuocetur
1286 1404 1388 1462 (AF
1397 1409 1434 1448 V

345 1467 386 1508 7.
420 1482 586 1507 BITHINA
617 1465 670 1519 n]
730 1469 884 1518 Species
916 1481 986 1517 pro
1019 1481 1170 1518 genere,
1202 1470 1248 1505 ut
1280 1463 1413 1520 (Very.
1437 1479 1562 1516 yeory.

224 1530 263 1566 Π
291 1531 385 1567 451.
415 1524 536 1580 452):

860 1586 1021 1623 Innatat
1054 1587 1168 1623 alnus

436 1647 557 1684 Missa
589 1646 696 1683 Pado
730 1640 832 1697 (AF
843 1646 878 1683 V
894 1657 937 1683 επ
961 1646 1098 1692 Porph.

342 1724 387 1768 9.
421 1729 474 1766 Te
506 1729 637 1766 Dacus
665 1723 761 1780 (VH
807 1727 908 1766 Gens
939 1729 1052 1765 iuxta
1082 1728 1186 1765 hunc
1218 1727 1387 1764 fluuium
1419 1727 1562 1777 degens

227 1801 364 1837 aspera
395 1788 507 1825 bellis
541 1783 597 1839 (P
608 1788 642 1825 V

343 1860 393 1884 TE
419 1859 595 1884 PROFVGI
622 1842 869 1896 s<c>1THAE]
901 1845 962 1882 Ab
989 1846 1079 1884 orbe
1105 1846 1268 1894 sepositi
1294 1847 1333 1882 et
1357 1846 1399 1882 in
1423 1843 1563 1881 mundi

226 1907 370 1943 extimo
403 1906 611 1943 constituti
644 1900 795 1956 (AFV

347 1959 421 2002 10.
471 1976 623 2002 LATIVM
654 1959 805 2013 FERox]
867 1963 995 2012 Forte,
1026 1964 1234 2010 inuictum,
1265 1962 1368 1999 unde
1401 1964 1440 1999 et
1470 1961 1566 1998 Ver—

225 2023 350 2073 gilius
383 2018 498 2074 (Aen.
519 2023 554 2058 V
583 2024 677 2060 730.
707 2018 828 2074 731):

345 2150 364 2179 5
386 2146 454 2179 ode
473 2146 551 2191 Aa]
572 2146 660 2180 odes
680 2151 754 2181 cett.
854 2148 873 2179 6
894 2145 1102 2179 brittannos
1123 2145 1200 2178 ΑΓ
1212 2144 1260 2189 V]
1281 2143 1472 2177 britannos
1493 2156 1517 2176 oc

228 2198 246 2227 7
275 2195 366 2238 aput
391 2193 441 2238 A]
470 2197 517 2236 as)
545 2194 578 2227 V
599 2195 706 2236 apost
732 2195 858 2235 (ortum
887 2204 930 2227 ea:
955 2189 1016 2236 ap)
1043 2206 1066 2225 α
1094 2191 1193 2236 apud
1219 2194 1306 2234 Pop
1418 2194 1459 2224 15
1486 2201 1567 2223 mu-

226 2243 306 2275 tare
331 2241 455 2274 uisens
482 2241 516 2274 A
615 2243 657 2273 ⁶20
685 2240 806 2283 specie
827 2241 862 2274 A
960 2243 1002 2274 26
1023 2239 1099 2284 TE]
1126 2240 1163 2272 et
1182 2239 1217 2272 A
1314 2241 1357 2271 28
1383 2237 1567 2272 inuictum

228 2287 352 2332 ΑΓα]
381 2289 418 2321 et
443 2286 684 2320 uictoriosum
718 2287 751 2321 V
748 2298 777 2331 p
802 2288 877 2321 sim.
899 2298 916 2321 c
1012 2287 1104 2331 uerg·
1123 2285 1173 2330 A]
1199 2284 1298 2329 uirg:
1325 2288 1400 2319 cett.
