1664 2563
604 84 747 119 CARM.
768 84 801 118 Π
821 87 852 119 4.
875 87 894 118 5
1342 83 1426 124 153

84 210 134 235 an
179 199 301 235 semet
340 197 490 246 ipsum3
534 198 618 247 agit
654 199 804 245 tamen,
847 199 894 234 ut
929 198 1087 234 reuocet
1123 197 1426 245 intemperatam

84 259 256 294 mentem
277 269 300 293 a
320 256 535 305 cupiditate
559 259 599 294 et
619 256 809 294 desiderio
829 257 995 306 uirginis
1015 256 1247 293 inmaturae.
1299 254 1426 299 Quam

83 317 287 365 comparat
322 328 393 365 per
431 315 661 366 allegoriam
697 316 904 363 iuuencae,
949 316 987 352 et
1019 328 1042 352 a
1072 315 1330 352 translatione
1368 315 1426 351 in-

82 375 181 424 cipit
223 374 386 412 dicendo
431 375 572 425 iugum
613 387 699 412 eam
737 375 1023 412 coniunctionis
1061 374 1161 411 ferre
1199 386 1276 411 non
1314 386 1426 422 posse

82 446 152 471 nec
190 435 299 471 tauri
336 434 504 471 tolerare
536 434 706 483 pondus,
746 436 791 471 ut
823 433 1090 484 designatione
1122 433 1283 482 pecudis
1316 433 1424 470 inha-
1476 439 1497 469 5

81 493 202 530 bilem
244 495 483 531 monstraret
523 494 628 541 uiro,
673 492 896 543 significans
934 494 992 530 ita
1029 505 1115 530 eam
1151 492 1260 529 nullo
1299 492 1426 529 adhue

82 553 225 590 aetatis
257 553 386 590 calore
419 553 636 601 sollicitari,
669 555 714 590 ut
745 553 819 590 soli
851 555 951 590 esset
976 552 1071 590 ludo
1097 551 1230 589 dedita
1256 547 1431 604 (AFaV

82 622 182 649 cons.
206 612 347 658 Porple.

202 677 246 721 2.
278 679 424 733 MVNIA]
470 681 669 732 Obsequia
699 683 784 733 lege
817 682 960 731 debita,
993 682 1097 732 quod
1128 682 1218 720 uult
1248 681 1426 732 intellegi

83 741 130 778 de
163 737 279 792 [non]
312 742 497 791 inplendo
528 743 661 780 uxoris
694 742 822 780 officio
855 736 961 793 (AF
971 742 1007 780 V
1454 748 1498 778 10

204 807 267 924 3.>
304 809 514 864 AEQVARE]
576 812 669 851 Pari
719 813 860 851 affeetu
909 813 1028 861 ferre,
1078 815 1124 850 ut
1168 807 1302 865 (Verq.
1328 810 1426 850 Aen.

79 871 137 908 VI
164 872 248 908 474
277 885 286 909 :

292 942 528 992 Aequatque
562 942 722 980 Sicheus
756 955 928 980 amorem
960 938 1063 995 (AF
1073 943 1110 980 V

201 1031 244 1075 5.
279 1035 392 1074 Circa
417 1036 590 1073 uirentes
619 1030 705 1088 (ΡΠ
747 1035 855 1073 Idest
880 1036 984 1074 eirea
1009 1035 1121 1074 ludos
1147 1037 1322 1084 tantum3
1348 1049 1426 1073 non

81 1095 207 1133 adhue
237 1095 414 1133 nubilem
447 1096 552 1144 sapit
583 1107 820 1144 conpensare
853 1097 1022 1133 aetatem
1056 1090 1159 1147 (FV
1454 1103 1498 1133 15

200 1154 304 1193 Ordo
349 1156 423 1192 est:
467 1167 571 1192 nuno
613 1157 671 1192 est
709 1155 863 1192 animus
902 1157 994 1192 tuae
1032 1156 1224 1192 iuuencae
1262 1155 1426 1193 solantis

81 1227 244 1264 grauem
290 1217 443 1252 aestum
484 1213 618 1251 fluuiis
657 1214 760 1251 eirea
797 1214 970 1251 uirentes
1008 1226 1183 1263 campos3
1227 1227 1331 1251 nuno
1369 1217 1428 1252 est

81 1275 236 1312 animus
277 1276 371 1311 tuae
409 1274 601 1310 iuuencae
638 1272 773 1310 ludere
812 1286 902 1310 eum
932 1273 1072 1311 uitulis
1103 1275 1145 1310 in
1176 1273 1254 1311 udo
1288 1274 1426 1312 salicto

80 1328 243 1430 (Γαῖζῖ.
300 1387 514 1441 SOLANTIS]
576 1391 821 1439 Recreantis,
852 1393 899 1428 ut
931 1385 1066 1444 (Very.
1086 1390 1183 1430 Aen.
1204 1391 1281 1429 VH
1303 1387 1425 1444 495):
1452 1399 1500 1429 20

292 1474 474 1523 Ripaque
507 1476 638 1511 aestus
670 1473 869 1511 uiridante
901 1474 1054 1512 leuaret
1086 1469 1236 1527 (AFV

197 1581 240 1605 IN
271 1564 373 1619 vno]
435 1568 596 1617 Aquoso
630 1571 669 1606 et
701 1571 793 1618 apto
826 1569 1012 1607 salicibus
1047 1564 1148 1621 (AF

200 1623 244 1666 8.
288 1640 450 1666 LVDERE
484 1640 565 1666 CVM
597 1623 653 1678 ν]
703 1627 862 1666 Vitulos
895 1641 966 1678 pro
997 1630 1130 1678 pueris
1162 1630 1297 1678 posuit
1329 1623 1432 1681 (AF

78 1698 179 1725 ⁰022&
199 1688 696 1796 {orgiilZAffi-:GESTOENTIQ
728 1745 992 1795 Praepropere
1024 1747 1248 1784 festinantis
1281 1741 1384 1799 (AF
1394 1748 1430 1786 V
1451 1753 1496 1784 25

203 1800 278 1844 10.
328 1816 487 1842 IMMITIS
519 1801 644 1855 VVAE]
701 1805 929 1843 Inmaturae
963 1800 1065 1857 (AF
1085 1817 1129 1843 ex
1154 1806 1294 1853 Porph.

201 1957 218 1987 1
248 1954 379 1999 semet]
408 1964 445 1987 se
472 1954 577 1988 FaV-
682 1956 701 1986 2
727 1952 912 1986 inmature
937 1955 1002 1997 Ay
1027 1953 1225 2001 immature
1251 1966 1270 1989 r
1295 1954 1424 1989 imma—

80 2002 162 2035 ture
197 2002 231 2036 V
251 2000 466 2034 immatures
493 2014 516 2034 α
615 2003 634 2033 3
661 1999 816 2034 iuuence
842 2001 877 2034 A
975 2004 996 2034 4
1021 2001 1150 2046 Iugum
1175 2003 1211 2036 A
1309 2006 1328 2036 5
1354 2002 1425 2037 tol-

80 2047 198 2082 lerare
224 2049 259 2082 A
376 2051 395 2081 6
421 2047 476 2081 ita
502 2058 584 2081 eam
610 2047 661 2093 A]
688 2058 769 2082 eam
794 2047 849 2081 ita
877 2048 949 2082 FV
969 2058 1012 2082 ea
1037 2048 1091 2082 ita
1117 2063 1141 2083 oc
1258 2052 1276 2083 7
1304 2049 1425 2084 calore

82 2095 217 2129 aetatis
242 2107 262 2130 r
300 2094 422 2129 calore
454 2094 564 2128 etatis
597 2096 694 2139 yaV
834 2098 876 2128 10
908 2106 981 2129 non
1012 2097 1150 2140 AFVp
1169 2107 1234 2131 om.
1256 2108 1274 2131 e
1369 2097 1424 2131 in-

79 2141 215 2186 plendo
236 2143 287 2188 A]
308 2141 497 2186 implendo
517 2143 584 2185 rV,
605 2143 757 2177 euanuit
776 2156 796 2186 y
893 2142 1013 2177 officio
1027 2144 1191 2189 Aerp]
1213 2144 1336 2178 officia
1357 2159 1377 2189 γ

84 2192 126 2223 14
153 2189 250 2224 idest
275 2191 328 2236 F]
349 2191 505 2233 om.ch
614 2194 656 2223 15
684 2200 794 2233 conp:
824 2189 873 2234 F]
902 2200 1022 2234 comp:
1046 2192 1080 2225 V
1179 2195 1220 2225 16
1248 2193 1304 2226 est
1329 2192 1423 2237 yae]

83 2247 148 2271 om.
170 2238 232 2272 rV
325 2240 368 2271 20
393 2237 436 2270 ut
456 2258 499 2261 —
520 2236 677 2282 leuaret]
699 2248 764 2271 om.
777 2238 810 2272 V
920 2240 962 2271 25
982 2238 1241 2282 §properantis
1262 2249 1423 2273 crescen-

84 2283 133 2317 tis
159 2295 177 2318 r
202 2284 435 2328 properantis
463 2284 659 2318 crescentis
687 2285 805 2328 yVep,
831 2288 921 2319 recte
946 2285 982 2319 A
1098 2289 1140 2319 26
1166 2285 1363 2332 immatuse
1389 2287 1424 2320 A

81 2328 264 2365 inmature
293 2334 326 2365 F
