1664 2563
641 84 805 120 EXPOS.
827 84 973 119 METR.
1459 84 1485 125 9

344 198 461 236 Nunc
491 201 551 237 est
580 198 793 237 bibendum
824 210 928 236 nunc
958 197 1057 247 pede
1088 198 1212 235 libero

344 258 500 296 Motum
531 271 578 296 ex
608 258 769 296 Metello
801 258 961 296 consule
993 259 1163 295 ciuicum

345 318 525 367 Aequam
556 320 753 356 memento
783 318 900 356 rebus
930 319 973 354 in
1008 317 1142 354 arduis

344 378 531 416 Nondum
563 377 727 416 subacta
756 376 858 415 ferre
889 378 1028 426 iugum
1059 377 1168 414 ualet

347 436 379 475 Ο
413 434 584 488 s<a>epe
614 450 769 475 mecum
800 438 958 485 tempus
990 438 1032 474 in
1063 437 1250 474 ultimum
1540 446 1559 476 5

344 497 435 534 Non
467 509 620 546 semper
650 496 795 535 imbres
826 496 996 534 nubibus
1028 496 1207 545 hispidus

346 555 450 601 Quid
479 557 690 594 bellicosus
724 555 922 594 Cantaber
953 558 1023 593 aut
1055 555 1220 605 Scythes

345 616 420 654 Ille
452 618 491 654 et
522 617 675 654 nefasto
708 618 748 653 te
779 617 913 665 posuit
944 615 1006 653 die

345 676 457 714 Eheu
488 676 649 726 fugaces
681 675 867 714 Postume
898 675 1083 713 Postume

347 735 426 773 Cur
456 749 518 773 me
551 736 737 784 querellis
770 737 970 773 exanimas
1002 736 1082 773 tuis
1519 744 1561 774 10

346 795 546 833 Bacchum
576 796 619 832 in
649 796 811 833 remotis
844 796 1019 833 carmina
1050 794 1215 843 rupibus

346 855 436 892 Non
467 856 618 892 usitata
650 867 722 892 nec
753 856 864 892 tenui
897 855 1003 892 ferar

348 912 425 952 Odi
456 913 667 963 profanum
699 914 842 964 uulgus
875 916 915 951 et
946 925 1059 951 arceo

346 973 570 1024 Angustam
603 975 726 1011 amice
758 974 989 1023 pauperiem
1019 974 1107 1022 pati

346 1033 501 1071 Iustum
533 1035 572 1071 et
603 1034 782 1071 tenacem
813 1034 1009 1082 propositi
1040 1034 1172 1070 uirum
1520 1043 1562 1073 15

326 1086 548 1131 'Descende
582 1093 689 1131 caelo
722 1094 761 1131 et
793 1093 855 1130 dic
888 1106 960 1143 age
991 1092 1091 1130 tibia

350 1152 466 1191 Caelo
499 1154 704 1191 tonantem
735 1152 971 1191 credidimus
1003 1152 1139 1190 Iouem

348 1212 505 1250 Delicta
535 1214 732 1250 maiorum
761 1213 970 1250 inmeritus
1002 1213 1086 1250 lues

347 1272 439 1310 Aeli
470 1274 629 1310 uetusto
661 1272 806 1310 nobilis
839 1271 888 1309 ab
914 1271 1038 1309 Lamo

350 1330 382 1369 O
416 1333 511 1370 nata
540 1344 695 1369 mecum
726 1332 885 1370 consule
913 1331 1063 1369 Manlio
1518 1341 1564 1371 20

350 1390 468 1429 Caelo
502 1393 663 1440 supinas
696 1392 730 1429 si
760 1391 899 1429 tuleris
931 1403 1072 1429 manus

349 1448 471 1500 <Vixi
501 1451 645 1500 puellis
676 1464 802 1500 nuper
831 1448 1026 1499 idoneus>

350 1511 528 1560 Tyrrena
557 1524 696 1561 regum
726 1512 934 1561 progenies
966 1510 1042 1548 tibi

350 1569 516 1614 Qualem
546 1571 775 1608 ministrum
805 1571 985 1608 fulminis
1018 1570 1155 1608 alitem

350 1629 410 1668 Ne
441 1630 543 1668 forte
576 1630 711 1668 credas
742 1631 956 1668 interitura
987 1643 1088 1679 quae
1521 1639 1564 1669 25

351 1688 459 1734 Quae
491 1702 586 1727 cura
616 1692 777 1739 patrum
809 1703 960 1739 quaeue
993 1689 1212 1734 Quiritium

350 1749 530 1787 Phoebus
562 1750 761 1787 uolentem
792 1750 945 1799 proelia
975 1762 1037 1786 me
1069 1750 1189 1798 loqui.

255 1809 419 1846 Decima
458 1803 542 1863 ᾠδή
574 1810 799 1847 monocolos
832 1811 908 1847 est:
952 1809 1073 1846 habet
1105 1810 1210 1846 enim
1241 1820 1398 1846 uersum
1433 1809 1497 1846 cui

139 1868 447 1907 choriambicum
481 1882 623 1906 nomen
655 1870 732 1917 est⁷
774 1870 843 1917 qui
875 1869 1031 1906 constat
1063 1881 1108 1905 ex
1140 1868 1331 1918 spondeo,
1367 1868 1495 1905 tribus

139 1928 377 1966 choriambis
422 1930 462 1966 et
498 1929 710 1977 pyrrichio.
779 1927 918 1966 Vtitur
957 1930 1089 1966 autem
1126 1928 1200 1965 hac
1236 1929 1355 1965 metri
1392 1940 1494 1965 com-
1523 1936 1566 1966 30

135 1988 338 2037 positione
368 1989 430 2025 ter
460 1989 630 2036 tantum⁷
660 1989 737 2026 ita:

227 2048 288 2085 Tu
313 2060 362 2085 ne
388 2044 661 2098 qu<a>esieris
688 2049 787 2086 scire
813 2047 924 2085 nefas
951 2060 1068 2096 quem
1093 2047 1191 2084 mihi
1218 2060 1335 2096 quem
1360 2046 1436 2084 tibi

227 2107 392 2145 Nullam
422 2107 528 2145 Vare
560 2119 672 2145 sacra
703 2109 786 2145 uite
817 2108 926 2156 prius
959 2108 1104 2145 seueris
1138 2107 1317 2145 arborem

230 2164 262 2204 O
296 2167 464 2204 crudelis
498 2167 625 2205 adhuc
657 2169 696 2205 et
726 2167 893 2204 Veneris
924 2167 1152 2205 muneribus
1183 2169 1333 2216 potens.

260 2260 280 2290 6
306 2256 478 2301 hispidus
507 2257 560 2300 Fj
585 2267 651 2291 om.
671 2267 700 2300 c,
728 2256 897 2301 hispidos
922 2256 1016 2292 Hor.
1173 2260 1190 2290 7
1219 2258 1285 2291 aut
1311 2257 1432 2300 scytes
1458 2255 1498 2299 fj

141 2305 207 2338 aut
232 2305 354 2348 seytes
374 2318 395 2348 γ
422 2305 488 2338 aut
508 2304 624 2338 sithes
644 2318 667 2338 α
684 2308 701 2338 1
723 2315 789 2339 om.
810 2315 829 2338 c
901 2307 946 2338 28
968 2305 1068 2338 ωΔΕ
1090 2305 1138 2349 yf
1163 2304 1232 2339 ode
1246 2318 1270 2338 α
1346 2307 1389 2337 30
1409 2314 1497 2348 pyr-

140 2350 259 2386 richio
284 2362 303 2386 c
328 2351 490 2397 Servius]
517 2351 696 2396 pirrichio
722 2352 795 2397 yfj
820 2363 886 2386 om.
907 2365 931 2386 α
