1664 2563
653 91 796 126 OARM.
812 91 828 125 I
848 95 890 126 15
1391 90 1444 131 69

224 199 299 243 17.
334 215 501 242 SPICVLA
529 200 682 254 exosn]
717 203 929 252 Cretensis3
962 204 1008 241 de
1041 216 1165 241 canna
1197 203 1300 240 enim
1327 204 1445 253 sagit-

101 266 166 302 tae
196 263 281 301 fieri
312 265 607 312 consueuewut,
638 266 684 300 ut
715 258 731 308 ζ
743 264 851 311 Very.
877 262 974 300 Aen.
1000 262 1079 300 VH
1099 257 1221 315 499):

280 346 430 395 Perque
461 347 532 383 ilia
563 348 673 384 uenit
703 346 880 384 harundo
914 341 1044 397 (ΑΓα
1064 357 1163 383 cous.
1185 357 1240 393 cp

223 436 298 480 IS.
332 440 536 479 *Celerem
567 442 678 490 sequi
701 440 747 478 A.
776 436 852 494 (c)]
889 440 952 478 Ad
984 440 1224 490 sequendum
1256 435 1447 492 (Pochp

221 496 490 551 CELEREM[Q.]
523 512 640 542 SEQVI
671 497 845 551 AIACEM]
902 500 1033 538 Aiacis
1065 501 1206 537 uirtuti
1237 500 1356 537 etiam
1389 512 1446 536 ce-

101 560 299 598 leritatem
342 559 466 608 dedit,
509 560 620 597 uelut
663 573 778 608 quem
822 561 1044 610 fugientum
1087 560 1219 597 nullus
1264 558 1448 596 euaderet

102 613 159 672 (A
168 621 233 656 Γα
254 631 353 656 cons.
374 631 430 667 cp

224 673 299 717 19.
332 691 413 716 HEV
447 690 569 716 snnvs
601 690 841 716 ADVLTEROS
869 690 902 716 c.
924 691 957 715 P.
981 674 1033 728 o]
1078 677 1193 716 Serus
1220 679 1289 714 aut
1314 690 1448 715 eorum

101 737 236 775 dolore
280 738 398 786 dixit,
442 739 510 787 qui
554 738 637 775 eius
682 750 799 776 causa
841 739 1059 786 perierunt,
1104 739 1172 774 aut
1217 738 1337 785 certe,
1381 738 1449 785 qui

103 799 294 846 quantum
334 797 383 834 ad
419 798 604 835 inertiam
645 809 756 835 suam
787 797 898 834 tarde
930 798 1092 846 perierit
1124 791 1255 848 (AFoc
1274 808 1372 833 cows.
1393 808 1449 843 cp

222 852 297 895 20.
330 869 514 894 PVLVERE
549 852 763 907 CONLINEs]
821 856 906 893 Hoc
938 858 1012 893 est:
1044 857 1295 904 procuratam
1327 856 1447 904 capil-

100 916 229 953 lorum
266 916 601 965 pulchritudinem
632 916 794 964 puluere
825 915 1069 964 inquinabis,
1110 917 1155 952 ut
1187 910 1324 967 (Very.
1350 914 1436 951 Aen

99 974 178 1012 XH
205 969 296 1027 99):

280 1058 332 1095 Et
362 1058 519 1096 foedare
550 1059 592 1095 in
623 1058 784 1106 puluere
817 1059 941 1095 crines
974 1053 1104 1110 (Asa
1123 1069 1222 1095 cons.
1242 1069 1298 1105 cp

222 1147 299 1191 21.
332 1164 412 1189 NON
444 1148 721 1203 LAERTIADEN]
766 1152 949 1202 Singulos
982 1153 1094 1189 uelut
1125 1152 1301 1190 exitiales
1335 1151 1449 1190 duces

100 1213 292 1249 minatur:
325 1212 467 1249 Vlixen
493 1214 532 1250 et
556 1212 763 1249 Nestorem
789 1211 957 1260 Pylium,
990 1212 1102 1249 Nelei
1127 1212 1264 1249 filium.
1315 1211 1449 1249 Vlixes

102 1272 207 1309 enim
238 1272 485 1320 Astyanacta
516 1272 773 1320 praecipitem
803 1284 915 1309 muro
948 1271 1057 1309 dedit
1088 1266 1220 1324 (ΑΓα
1239 1283 1338 1309 cons.
1356 1282 1412 1318 ep

224 1325 300 1368 ⁸23.
335 1342 575 1368 SALAMJNIVS
602 1326 778 1381 TEVCER]
815 1330 873 1368 De
901 1329 1104 1368 Salamina
1130 1331 1304 1378 ciuitate,
1335 1331 1449 1368 Tela-

101 1390 228 1427 monis
261 1390 376 1438 filius,
408 1389 530 1427 frater
560 1389 693 1428 Aiacis
727 1384 850 1441 (Asc
869 1401 968 1427 cows.
982 1402 1013 1437 p

225 1444 301 1488 ⁶24.
343 1461 393 1485 TE
427 1445 677 1499 STHENELVS]
735 1449 859 1487 Filius
893 1448 1066 1498 Capanei
1098 1444 1320 1501 (Asaoep

224 1520 456 1546 STHENELVS
490 1504 646 1559 scmns]
707 1504 898 1559 [Futuri]
954 1508 1059 1546 Bene
1091 1509 1374 1546 uaticinantem
1407 1510 1451 1545 ut

102 1569 327 1616 praesentia
364 1567 498 1605 uidere
534 1568 631 1606 facit
662 1568 813 1617 futura,
850 1570 896 1605 ut
925 1567 1106 1606 Lucanus
1139 1563 1177 1620 (I
1206 1568 1299 1605 685.
1329 1562 1450 1619 686):

281 1650 397 1688 Hunc
429 1663 513 1700 ego,
544 1651 730 1688 fluminea
761 1651 945 1689 deformis
977 1653 1137 1688 truncus
1168 1651 1316 1688 harena

283 1708 358 1754 Qui
388 1711 504 1758 iacet⁷
536 1722 703 1760 agnosco
737 1705 866 1763 (Asa
886 1722 983 1748 cons.
1006 1722 1062 1757 cp

222 1804 384 1842 *Sciens
416 1818 572 1855 pugnae
606 1800 692 1858 (p)]
727 1805 875 1843 Doctus
909 1805 958 1842 ad
989 1805 1246 1855 pugnandum
1279 1800 1391 1857 (sep

224 1946 241 1975 1
258 1941 396 1986 sagitte
410 1943 445 1976 A
525 1945 544 1976 3
559 1941 725 1976 harando
739 1942 775 1976 A
855 1946 876 1975 4
891 1941 1135 1988 sequendum]
1150 1942 1450 1986 consequendum

103 1989 169 2024 rD
267 1992 286 2022 5
309 1989 438 2034 aiacis]
461 2000 525 2023 om.
536 2001 585 2033 cp
599 1990 702 2024 aiace
717 2003 740 2024 α
838 1993 858 2023 6
877 1989 983 2023 uelut
996 2001 1060 2024 om.
1070 1991 1106 2024 A
1179 1989 1389 2034 fugientum
1398 1990 1449 2035 A]

104 2035 312 2081 fugientem
339 2048 388 2071 occ
414 2036 561 2082 fugiens
583 2048 612 2081 p
636 2036 862 2081 fugientium
883 2039 917 2070 Γ
1010 2040 1030 2071 8
1057 2047 1158 2071 serus
1185 2038 1265 2083 aut]
1291 2048 1356 2072 om.
1378 2051 1402 2070 α

104 2087 124 2117 9
140 2085 205 2118 aut
231 2085 329 2118 certe
349 2105 392 2109 --
413 2084 579 2129 perierit]
607 2095 671 2119 om
682 2098 704 2118 α
781 2088 823 2118 12
849 2085 896 2118 ut
910 2105 955 2109 -
976 2084 1094 2119 crines
1119 2084 1241 2130 ΑΓα]
1268 2095 1333 2119 om
1354 2095 1403 2128 cp

105 2158 149 2188 14
174 2154 302 2190 fedare
322 2156 358 2190 A
455 2159 498 2190 15
524 2141 710 2189 lei-ciaden
730 2156 764 2189 A
833 2154 1013 2189 exitiades
1028 2156 1063 2190 A
1158 2159 1200 2190 16
1214 2155 1353 2190 ulixem
1366 2166 1450 2199 occp

103 2203 274 2236 nestoren
288 2203 324 2237 A
420 2203 565 2247 pylium
583 2203 681 2237 nelei
701 2202 731 2237 f:
754 2203 818 2248 K]
840 2202 982 2247 pylium
1002 2201 1031 2236 f:
1060 2204 1095 2237 A
1122 2203 1218 2247 pylii
1237 2202 1267 2237 f:
1288 2215 1308 2238 r
1332 2202 1450 2236 filium

104 2249 198 2293 pylii
224 2263 245 2294 γ
276 2249 366 2294 pilei
393 2249 422 2284 f:
445 2261 474 2294 p
504 2250 588 2295 pilii
613 2250 632 2284 f
637 2265 643 2284 :
672 2261 721 2284 occ
818 2254 861 2284 18
888 2249 1070 2284 salamina
1095 2251 1206 2296 Ayp]
1233 2250 1405 2284 salimina
1430 2262 1450 2284 r

105 2296 285 2331 salamine
311 2309 328 2332 c
473 2301 517 2331 20
543 2298 731 2332 sthelenus
758 2298 794 2332 A
938 2297 1093 2342 capanei
1118 2298 1184 2344 cp]
1213 2297 1358 2342 caperei
1385 2298 1448 2341 Ay

105 2343 281 2388 capharei
308 2357 326 2379 ο
354 2346 502 2388 caperet
527 2357 577 2379 να
675 2348 716 2378 21
745 2344 860 2378 futuri
888 2346 923 2379 A
949 2356 1013 2380 om.
1035 2349 1109 2380 cett.

1482 803 1519 833 [O

1479 1160 1520 1189 15
