1664 2563
200 81 290 123 402
647 77 898 114 EXPOSITIO
924 77 976 112 IN
1000 77 1113 113 HOR.

324 187 402 230 99.
458 202 683 229 INSEPVLTA
721 202 893 228 MEMBRA
929 202 1159 227 DIFFERENT
1196 186 1308 240 LVPI]
1369 189 1425 227 Vt
1460 190 1555 238 iam,

205 253 300 300 quia
339 264 428 289 eum
459 247 624 301 ipsa<e>
655 262 779 299 paene
812 249 1064 298 sepelierant,
1104 244 1254 299 ill<a>e
1287 249 1450 298 grauius
1483 249 1554 286 ali-

206 311 302 359 quid
338 311 571 359 paterentur
603 310 802 358 expositae
834 309 926 345 feris
959 309 998 345 et
1030 307 1169 345 auibus
1201 307 1423 357 insepultae
1455 300 1560 358 (AV

329 364 437 407 100.
495 380 546 405 m*
590 363 918 417 AEstmm<A>E
961 362 1125 417 AerEs]
1186 366 1405 414 Romanae,
1453 366 1559 404 idest

160 437 180 467 5
206 428 392 466 uultures
425 422 529 479 (AV

325 485 588 535 *Aesquilina
619 487 736 535 porta
767 485 915 522 dieitur
947 484 996 521 ad
1029 484 1258 532 Sessorium,
1290 485 1332 521 in
1364 497 1444 533 qua
1475 496 1556 522 cer-

206 549 272 584 tus
306 547 391 583 erat
420 545 531 583 loeus
558 544 866 593 sepulchrorum.
929 543 991 580 Ibi
1017 544 1120 580 enim
1144 556 1367 592 pauperum
1392 555 1557 592 corpora

208 607 280 644 aut
312 604 475 642 conburi
506 603 686 642 solebant
718 605 790 641 aut
819 604 946 652 proici
979 596 1059 654 (Pb
1085 612 1183 640 cons.
1208 602 1347 649 Porph.

330 657 438 701 101.
494 673 703 699 PARENTES
759 674 842 700 an
897 674 987 698 MIHI
1044 656 1330 711 svpnnsrrrns]
1405 660 1557 699 Poenas

137 730 181 761 10
210 735 344 760 earum
381 723 501 760 etiam
540 734 563 759 a
593 720 826 771 parentibus
865 721 946 758 suis
985 720 1042 758 ait
1078 719 1285 768 uidendas,
1322 719 1428 768 quod
1465 732 1556 757 cum

209 781 342 819 dolore
379 781 596 831 promittit,
632 783 839 828 tamquam
877 780 946 828 qui
985 791 1023 816 se
1055 779 1191 817 uiuere
1222 779 1348 829 magis
1380 778 1559 816 uoluerit

209 853 330 890 quam
361 840 557 877 uindicari
589 833 693 891 (AV

785 1071 936 1111 EPOD.
966 1074 988 1110 6

319 1177 513 1231 [mconos
545 1192 586 1216 m
620 1190 791 1217 CASSIVM
824 1190 1010 1217 SEVERVM
1042 1191 1144 1215 IDEM
1174 1190 1343 1216 METRVM
1375 1172 1450 1230 (A]

141 1283 185 1313 15
331 1286 501 1312 METRVM
534 1285 644 1316 QVOD
678 1284 869 1311 svpmuvs
903 1267 1033 1325 (AFb

335 1328 377 1371 l.
395 1332 661 1370 *Bibaculum
680 1331 796 1370 modo
815 1332 1069 1381 persequitur
1087 1333 1257 1381 poetam,
1277 1331 1346 1379 qui
1365 1329 1562 1368 maledica

213 1393 388 1431 carmina
418 1393 460 1428 in
491 1392 636 1429 multos
668 1390 891 1440 conposuit,
923 1391 1127 1427 inimicum
1159 1401 1274 1428 suum
1307 1389 1457 1437 dicens,
1489 1390 1561 1438 qui

213 1452 372 1500 accepto
410 1451 537 1499 pretio
574 1450 701 1487 multa
737 1449 922 1499 fingebat.
983 1449 1036 1486 Et
1074 1450 1132 1486 est
1164 1449 1353 1498 allegoria
1383 1449 1425 1485 in
1457 1461 1560 1495 eum,

214 1511 284 1559 qui
315 1510 468 1558 quietos
499 1509 693 1556 homines,
724 1508 827 1546 idest
858 1508 934 1545 sibi
966 1507 1161 1555 cedentes,
1192 1507 1406 1545 inuehatur
1436 1507 1562 1545 nimia

143 1576 188 1607 20
215 1568 423 1606 dicacitate
456 1568 496 1604 et
526 1567 616 1605 inde
648 1567 850 1617 glorietur,
883 1566 989 1615 quod
1020 1567 1193 1604 lacessiti
1224 1566 1260 1603 ei
1291 1577 1369 1604 non
1399 1578 1561 1615 respon-

217 1627 337 1665 deant
368 1622 447 1678 (Pb

334 1698 431 1728 QVID
474 1695 736 1722 IMMERENTES
774 1695 971 1722 HOSPITES
1010 1694 1139 1722 VEXAs
1179 1679 1340 1733 CANISP]
1399 1679 1562 1720 ‘Imme-

215 1741 365 1782 rentes'
398 1744 496 1781 nihil
528 1743 623 1781 mali
654 1744 814 1780 meritos
847 1738 951 1794 (AV

334 1798 549 1852 HOSPITES]
606 1802 835 1851 Peregrinos
869 1798 970 1852 (AV

144 1869 190 1899 25
335 1872 465 1899 vnxAs
499 1857 634 1911 CANIS]
690 1861 852 1910 Fatigas
887 1854 990 1911 (AV

338 1989 355 2018 1
384 1984 552 2018 deferent
577 1984 612 2017 A
757 1987 776 2017 2
803 1993 921 2027 paene
956 1982 1141 2027 Hauthaz]
1166 1991 1287 2026 poena
1314 1982 1349 2016 V
1378 1991 1475 2025 pena
1500 1981 1564 2016 Ac

217 2040 338 2075 paena
346 2042 376 2075 p
472 2030 791 2075 sepeliebanturV
882 2033 901 2063 6
917 2032 1060 2074 (aesquz
1077 2031 1111 2062 Γ
1118 2030 1151 2073 b)
1250 2031 1268 2062 7
1284 2027 1562 2072 sepulchrorum

218 2078 283 2122 γὸ]
311 2077 562 2121 sepulcrorum
587 2089 606 2112 r
714 2080 734 2110 8
761 2076 915 2111 conburi
939 2077 974 2121 r]
1001 2075 1128 2110 coburi
1154 2076 1202 2119 γὸ
1301 2078 1342 2108 11
1368 2076 1562 2118 tamquam

217 2125 310 2160 coni.
328 2125 395 2169 K]
422 2134 503 2158 eam
530 2135 641 2168 quam
662 2124 697 2158 A
723 2127 817 2167 eaqa
838 2124 991 2166 Vomcp
1090 2127 1131 2157 12
1157 2120 1342 2155 uindicari
1361 2121 1413 2166 A]
1439 2120 1562 2154 uindi-

220 2181 303 2206 care
330 2171 409 2214 ch
519 2175 560 2205 17
595 2171 720 2205 dicens
750 2171 786 2216 r]
819 2170 910 2204 dicit
941 2171 990 2214 γὸ
1098 2173 1141 2203 18
1173 2170 1211 2203 et
1241 2169 1297 2202 est
1328 2168 1364 2212 b]
1397 2178 1461 2202 om.
1484 2169 1519 2201 Γ

221 2229 304 2252 eum
324 2218 389 2263 yb]
410 2228 470 2251 eos
490 2229 509 2252 r
607 2221 648 2251 19
670 2217 870 2252 inuehatur
889 2217 926 2262 y]
945 2216 1192 2251 inuehebatur
1211 2216 1230 2250 b
1256 2214 1480 2248 inuehantur
1495 2226 1515 2249 o·

221 2268 266 2299 20
298 2265 477 2309 glorietur
505 2265 542 2309 y]
569 2264 800 2308 gloriabatur
826 2265 845 2299 b
877 2263 1082 2308 glorientur
1106 2275 1126 2298 r
1269 2260 1302 2294 ei
1327 2261 1364 2306 γ]
1391 2261 1443 2295 eis
1469 2273 1488 2296 r
1514 2261 1561 2295 ab

220 2321 263 2345 60
290 2313 310 2346 b
406 2311 655 2356 respondeant
679 2312 713 2356 r]
739 2311 1014 2355 respondebant
1039 2311 1058 2345 b
1083 2307 1306 2353 respondeat
1329 2321 1349 2352 y
