1664 2563
691 70 963 106 PRAEFATIO
1452 68 1503 103 IX

270 186 329 223 Ex
362 185 498 223 eodem
524 186 751 234 exemplari,
782 183 885 221 unde
911 184 944 232 b,
977 185 1099 221 etiam
1123 183 1147 230 f
1166 183 1290 219 fluxit.

269 246 293 293 f
324 247 383 283 est
423 245 543 283 codex
580 244 897 290 Franckeranus,
935 255 1039 280 nunc
1076 242 1397 280 Leeuwardensis
1437 242 1505 289 45,

152 318 248 355 olim
281 315 567 363 Cluniacensis,
599 328 696 353 saec.
723 314 928 362 XI-XII,
961 313 1173 352 admodum
1204 314 1400 350 recentior
1431 314 1506 363 igi-

151 379 218 415 tur
250 388 369 425 quam
396 376 416 413 b
444 377 483 413 et
514 376 598 413 sine
624 374 742 412 dubio
770 374 950 412 deterior.
1003 372 1080 410 Sed
1104 373 1242 411 multis
1268 373 1364 410 locis
1390 372 1459 409 ubi
1485 373 1506 409 b

154 435 286 474 deficit
315 447 387 484 pro
420 435 694 484 supplemento
727 447 771 472 eo
804 434 865 471 uti
896 434 1000 471 licet.

221 519 225 522 v
271 494 330 532 De
361 495 525 543 reliquis
558 493 758 532 codicibus
790 493 881 530 uide
909 506 1024 541 quem
1050 492 1155 530 infra
1183 492 1361 529 dedimus
1388 491 1506 542 siglo-

154 568 242 592 rum
274 555 538 603 conspectum.

275 612 438 658 Quoad
469 613 612 651 codex
637 611 676 649 A
703 614 852 660 extat,
885 612 1040 649 omnia
1067 603 1319 649 contextus
1346 610 1508 658 uerba,

155 674 253 712 nisi
284 674 324 711 si
354 674 402 710 in
435 674 673 722 apparatu
706 672 853 709 aliter
884 671 1166 709 adnotatum
1199 672 1287 717 est,
1320 670 1376 707 ad
1409 671 1508 707 eius

155 745 367 771 normam
398 732 606 769 formata
639 733 765 770 sunt:
797 731 987 768 lemmata
1019 730 1163 768 codicis
1194 728 1234 766 A
1265 728 1508 766 LITTERIS

154 790 476 829 MAIVSCVLIS
509 791 628 829 habes
662 803 861 840 expressa3
894 791 927 828 si
953 803 997 828 ex
1024 790 1113 828 aliis
1140 789 1338 827 codicibus
1365 790 1509 826 lemma

157 851 321 900 aliquod
369 851 652 900 prompsimus,
702 863 782 887 non
827 850 954 888 solum
997 850 1142 887 litteris
1186 848 1405 886 minoribus
1449 848 1511 886 usi

156 924 302 958 sumus,
334 910 401 948 sed
434 911 554 948 etiam
587 909 733 958 ubique
766 921 830 947 eos
861 921 958 957 quos
985 910 1110 947 secuti
1135 920 1268 946 sumus
1294 907 1416 946 libros
1442 920 1510 945 no-

154 971 404 1008 minauimus.

273 1029 522 1077 Vbicumque
560 1030 601 1066 in
640 1028 772 1066 codice
803 1027 842 1064 A
883 1027 1037 1076 aliquid
1075 1028 1192 1064 aliter
1225 1028 1416 1076 scriptum
1449 1027 1510 1064 est

157 1091 276 1138 atque
319 1090 362 1126 in
405 1090 558 1126 textum
601 1089 837 1137 recepimus,
881 1087 922 1125 id
958 1088 1001 1124 in
1040 1088 1235 1136 apparatu
1273 1087 1512 1133 notauimus,

157 1149 370 1198 exceptis
396 1149 457 1186 iis
484 1147 683 1195 mendis,
711 1159 830 1196 quae
856 1160 879 1184 a
904 1146 1108 1184 librario
1135 1147 1238 1195 ipso
1265 1147 1358 1183 iam
1383 1146 1512 1182 inter

157 1208 460 1247 scribendum
505 1209 722 1245 correcta
765 1219 864 1245 esse
908 1206 1153 1254 uidentur3
1198 1207 1240 1243 in
1284 1207 1511 1243 contextum

158 1281 250 1306 uero
294 1268 417 1305 tacite
454 1267 584 1305 nullas
622 1267 754 1315 recepi
790 1266 996 1314 lectiones,
1040 1267 1119 1303 nisi
1158 1278 1258 1314 quae
1295 1266 1338 1302 in
1376 1265 1511 1313 aliquo

159 1340 295 1365 eorum
327 1327 523 1374 codicum,
557 1328 625 1375 qui
656 1327 698 1363 in
728 1325 805 1363 fine
837 1326 1084 1376 singulorum
1115 1325 1355 1363 scholiorum
1387 1324 1513 1362 nomi-

161 1388 248 1425 nati
279 1388 382 1434 sunt,
415 1398 553 1423 reuera
584 1387 846 1435 reperiuntur.

277 1446 334 1483 Vt
364 1445 542 1483 adferam
574 1446 729 1494 aliquot
761 1445 956 1494 exempla:
989 1445 1023 1482 si
1053 1457 1090 1493 p.
1120 1445 1140 1481 1
1176 1444 1244 1481 lin.
1275 1444 1326 1480 17
1355 1444 1397 1480 in
1423 1455 1512 1481 con-

161 1507 273 1544 textu
312 1506 461 1556 legitur
499 1500 699 1551 ‘aetatis',
743 1505 785 1541 in
823 1505 1020 1553 apparatu
1059 1500 1197 1542 ‘etatis
1229 1500 1301 1551 A',
1345 1503 1418 1541 hoc
1455 1503 1515 1540 ita

161 1565 473 1615 intellegendum
506 1566 576 1612 est,
607 1566 653 1602 ut
685 1564 859 1602 codicem
884 1562 923 1600 A
957 1559 1115 1601 ‘etatis'
1148 1562 1293 1601 habere
1325 1564 1436 1610 scias,
1470 1574 1514 1599 ex

161 1624 359 1662 codicibus
390 1624 443 1661 M
447 1624 502 1671 af
536 1636 630 1661 uero
662 1637 785 1661 unum
817 1624 1036 1661 alterumue
1068 1635 1204 1660 ueram
1235 1623 1405 1660 formam
1436 1634 1515 1659 ser-

162 1697 275 1722 uasse
320 1679 518 1722 ‘aetatis’.
593 1683 668 1721 Vel
712 1684 745 1721 si
788 1696 824 1732 p.
854 1684 936 1720 242
982 1683 1024 1720 in
1067 1684 1178 1719 textu
1222 1683 1413 1731 scriptum
1457 1682 1516 1719 est

163 1740 326 1781 ‘Poenis
338 1739 360 1791 ⁹,
404 1744 447 1780 in
491 1744 687 1792 apparatu
727 1739 860 1792 ‘penis
893 1738 965 1789 A',
1011 1741 1276 1792 significatum
1320 1741 1431 1778 uolui
1473 1741 1515 1777 in

163 1803 361 1841 codicibus
393 1799 628 1850 F'abfVop
667 1815 803 1839 ueram
835 1803 1072 1850 scripturam
1105 1796 1283 1850 ‘poenis'
1317 1801 1515 1839 seruatam

164 1875 263 1910 esse,
301 1874 372 1900 nec
410 1874 503 1900 uero
541 1862 759 1900 necessario
798 1862 840 1898 in
872 1861 952 1899 illis
985 1860 1182 1908 omnibus,
1221 1860 1289 1899 sed
1320 1862 1389 1897 aut
1419 1861 1461 1896 in
1493 1874 1516 1910 γ

165 1920 1445 1967 autinrautinvautinocautinbautinfautin
1484 1919 1516 1956 V

165 1983 234 2019 aut
270 1982 313 2018 in
344 1992 362 2018 c
401 1983 470 2018 aut
500 1982 542 2018 in
567 1993 609 2029 p.
671 1980 773 2018 Item
811 1981 844 2018 si
875 1993 911 2029 p.
941 1980 1023 2017 243
1062 1980 1104 2017 in
1142 1981 1338 2029 apparatu
1369 1979 1517 2029 legitur

165 2037 357 2090 ‘dampno
378 2036 539 2088 ava',
571 2041 613 2077 in
635 2042 747 2077 textu
768 2035 968 2087 ‘damno’,
1000 2038 1246 2090 significatur
1264 2040 1307 2076 in
1327 2038 1457 2076 codice
1477 2036 1517 2074 A

167 2095 353 2138 ‘damno'
388 2100 578 2148 scriptum
611 2112 710 2147 esse,
744 2101 786 2137 in
819 2099 1016 2137 codicibus
1049 2099 1179 2136 0<va
1209 2094 1436 2147 ‘dampno’,
1469 2097 1516 2134 de

166 2161 305 2198 ceteris
327 2154 426 2212 (Ff)
460 2160 560 2196 nihil
581 2159 673 2207 dixi,
707 2171 946 2207 quamquam
966 2171 1032 2196 eos
1051 2159 1202 2207 pariter
1222 2170 1266 2195 ac
1287 2157 1459 2196 codicem
1479 2154 1518 2193 A

166 2215 357 2256 ‘damno’
393 2218 572 2256 exhibere
604 2219 819 2256 uerisimile
852 2220 920 2256 est.
986 2218 1057 2255 Vel
1089 2219 1122 2256 si
1152 2231 1188 2267 p.
1217 2218 1301 2255 370
1333 2218 1375 2254 in
1407 2218 1518 2254 textu

166 2279 332 2329 leg-imus
372 2274 628 2327 ‘conparauit
666 2273 723 2330 (A
734 2274 799 2325 V’‚
839 2278 880 2315 in
914 2279 1108 2327 apparatu
1147 2278 1279 2314 autem
1316 2277 1417 2313 nihil
1449 2275 1515 2312 ad-

167 2340 346 2385 notatur,
384 2338 457 2375 hoc
494 2338 553 2375 ita
589 2337 932 2386 interpretandum
971 2339 1046 2384 est,
1084 2338 1129 2374 ut
1160 2337 1259 2375 scias
1290 2337 1333 2373 in
1364 2335 1402 2372 A
1435 2347 1517 2372 esse
