1664 2563
202 86 287 128 372
647 82 772 118 EXPO
778 82 898 117 SITIO
924 82 974 116 IN
1001 81 1113 117 HOR.

320 192 398 236 46.
431 209 482 233 ET
514 192 717 246 <HISTER>
750 207 801 232 TE
832 205 1007 232 RAPIDvs
1040 189 1193 244 TIGRIS]
1253 192 1395 232 Gentes
1427 193 1555 231 flumi-

200 270 296 294 num
328 256 698 294 commemoratione
731 254 913 304 designat
945 247 1046 306 (AV

321 326 556 364 *Danubius
590 338 612 363 a
646 325 777 363 Galh'a
809 324 954 363 dicitur
986 325 1081 362 oriri
1114 320 1171 377 (Γ

321 393 398 437 48.
451 408 635 435 OCEANVS
669 392 930 446 BRITTANNIS]
993 395 1196 432 Brittanni
1228 395 1333 432 enim
1364 394 1556 432 interfuso

155 465 176 495 5
204 456 358 496 Oceano
392 470 414 494 a
447 458 560 494 terris
593 455 773 494 omnibus
806 456 1052 504 separantur,
1083 456 1129 492 ut
1156 449 1292 507 (Very.
1313 453 1375 492 ecl.
1399 456 1435 502 1,
1463 448 1556 506 66):

417 539 578 577 Penitus
611 541 696 577 toto
730 538 878 576 diuisos
911 538 1002 575 orbe
1034 537 1267 575 Brittannos
1301 531 1405 589 (AV

322 628 400 672 49.
463 646 514 670 TE
557 644 639 670 NON
683 643 881 670 PAVENTIS
925 643 1086 669 EVNERA
1131 627 1327 682 GALLIAE]
1389 630 1557 668 Mortem

202 694 307 731 enim
340 692 446 731 Galli
478 693 625 730 ferocia
657 705 735 729 non
767 693 916 740 pauent
948 686 1053 743 (AV
1074 702 1174 729 cons.
1200 691 1341 739 Por-ph.

323 759 399 803 50.
457 758 696 813 DVRAEQVE]
753 759 1047 812 Laborios<a>e
1082 757 1232 814 (AVep

135 842 178 873 10
325 829 403 873 51.
460 847 510 871 TE
557 831 748 885 c<A>EDE
793 829 1054 884 GAVDENTES]
1117 832 1231 870 Bella
1271 834 1453 882 optantes
1492 832 1559 870 ad-

205 894 318 932 sidua
352 888 456 945 (AV

323 948 535 1003 SICAMEm]
593 951 669 996 Qui
701 954 740 989 et
771 950 958 989 Germani
991 946 1097 1003 (AV

323 1012 504 1049 *Nomen
537 1012 665 1061 gentis
698 1009 850 1048 Galliae
884 1006 942 1062 (F

323 1070 435 1119 *Ipsi
466 1072 557 1108 sunt
589 1070 742 1117 Franci,
775 1068 900 1107 Gallis
932 1070 1046 1106 mixti
1079 1064 1119 1121 (b

136 1149 178 1180 15
326 1136 402 1180 52.
444 1152 715 1179 VENERANTVR
745 1136 888 1190 AEMIs]
946 1140 1102 1178 Pacatis
1134 1139 1308 1178 moribus
1335 1141 1374 1177 et
1398 1139 1557 1177 feritate

207 1200 385 1249 deposita
419 1195 523 1252 (AV
544 1201 591 1247 ef.
616 1200 756 1247 Pooph.

714 1469 869 1508 CARM.
897 1470 979 1508 IIII
1008 1472 1059 1508 15

518 1574 590 1628 [AD
623 1588 841 1615 Avovs‘rvM
874 1587 1139 1614 TETRACOLOS
1173 1570 1248 1628 (A]

327 1684 497 1709 METRVM
532 1683 642 1713 QVOD
675 1682 867 1709 SVPERIVS
903 1666 1028 1722 (AFI)

137 1750 183 1780 20
332 1737 374 1780 l.
410 1737 453 1781 2.
502 1753 686 1780 PHOEBVS
719 1737 957 1791 VOLENTI-m]
1013 1740 1104 1778 Non
1134 1741 1223 1789 lyra
1253 1741 1460 1790 increpuit,
1492 1739 1559 1777 sed

210 1802 407 1840 uolentem
438 1814 499 1838 me
531 1801 683 1850 proelia
714 1801 801 1849 lyra
833 1801 960 1850 loqui,
996 1799 1098 1848 quod
1131 1802 1190 1837 est
1221 1799 1344 1848 lyrico
1377 1800 1559 1847 carmine,

328 1952 344 1981 1
374 1948 504 1992 (hister
530 1960 596 1983 om.
618 1949 735 1992 AVp,
761 1951 874 1983 totum
900 1949 1028 1982 lemma
1053 1958 1120 1982 om.
1140 1949 1172 1991 c)
1295 1950 1315 1981 5
1341 1955 1479 1981 oceano
1507 1947 1558 1991 V]

208 1995 337 2028 oceani
363 1997 399 2029 A
510 1999 528 2029 6
557 1996 590 2029 d.
613 2006 643 2029 ο.
664 1995 746 2030 b.V
843 1998 863 2029 8
889 1994 1024 2029 fei-otia
1049 1998 1074 2028 fi
1099 2005 1149 2038 pa
1157 1994 1236 2040 ΜΛ]
1258 1994 1305 2036 A,
1331 1993 1474 2029 circiter
1498 1993 1558 2027 ui-

207 2042 302 2086 qimi
339 2043 469 2077 litteris
506 2044 620 2077 erasis
628 2056 640 2084 ;
683 2053 757 2076 non
795 2042 930 2076 timent
967 2053 1033 2076 om.
1067 2041 1206 2076 ferocia
1246 2042 1280 2076 V
1417 2041 1558 2084 pauent

207 2089 316 2122 etiam
341 2099 390 2132 cp
495 2093 537 2123 10
564 2089 653 2124 cede
679 2091 771 2134 Acp
797 2090 873 2124 c.V
966 2093 1008 2123 12
1035 2087 1210 2123 sicambri
1236 2087 1300 2131 qui
1326 2088 1364 2121 et
1391 2087 1466 2132 Vp]
1493 2087 1558 2131 qui

208 2137 245 2169 et
264 2146 294 2177 c,
320 2135 389 2180 leyi
407 2146 482 2170 ‘non
498 2140 613 2180 potest
632 2138 667 2171 A
768 2140 809 2169 15
836 2135 981 2180 pacatis
997 2136 1093 2181 ch]
1113 2135 1279 2179 peccatis
1299 2135 1336 2169 A
1435 2136 1476 2167 19
1498 2145 1557 2168 su-

207 2182 332 2226 perius
347 2183 398 2228 A]
414 2193 525 2226 supra
540 2184 596 2218 Pb
696 2186 739 2217 20
753 2182 900 2229 Phebus
914 2183 950 2216 A
962 2186 1053 2218 reete
1061 2194 1090 2226 p
1185 2193 1259 2216 non
1272 2181 1353 2225 lyra
1364 2191 1391 2224 p
1404 2181 1557 2227 Porph]

208 2240 282 2263 non
307 2229 379 2263 lira
407 2230 455 2265 Vc
481 2231 633 2265 euanuit
658 2231 694 2265 A
828 2230 908 2275 sed]
936 2241 964 2268 s,
991 2231 1143 2265 Vectem.
1165 2230 1201 2263 A
1346 2231 1388 2262 21
1415 2227 1558 2271 proelia

209 2277 360 2322 Porph]
386 2276 468 2321 plia
490 2277 570 2312 AV
589 2277 709 2320 prelia
734 2289 752 2312 c
777 2276 911 2321 proelia
936 2288 960 2320 p
1083 2276 1164 2320 lyra
1184 2286 1213 2319 p
1232 2275 1384 2320 Porph]
1410 2274 1482 2309 lira
1510 2275 1558 2310 Vc

208 2334 274 2358 om.
290 2324 326 2358 A
422 2323 539 2368 lyrico
565 2325 657 2369 rbp]
684 2324 745 2358 lir:
772 2328 847 2359 cett.
