1664 2563
140 775 184 806 10

140 1072 183 1102 15

137 1368 182 1399 20

138 1724 182 1754 25

216 97 300 138 160
655 96 906 131 EXPOSITIO
932 96 981 130 IN
1008 96 1120 131 HOR.

332 204 408 248 20.
467 220 584 246 cams
629 221 711 245 Tim
754 204 811 259 D.]
875 208 989 246 Vasis
1034 208 1198 247 uinariis
1237 209 1287 246 ad
1323 210 1405 247 eius
1444 211 1562 259 quasi

211 269 381 306 reditum
412 269 633 316 reseruatis,
665 270 709 305 ut
743 262 876 320 (VergJ.
902 267 999 306 Aen.
1026 268 1046 305 I
1075 263 1195 321 195):

389 351 493 388 Vina
524 351 648 388 bonus
681 363 780 399 quae
813 350 950 389 deinde
983 351 1089 389 cadis
1122 353 1306 389 onerarat
1335 350 1496 389 Acestes

232 409 270 447 A
284 412 322 447 Γ
338 410 374 448 V

214 405 230 463 (
331 464 408 508 21.
466 480 678 507 OBL1v1oso
716 465 908 520 MASSICO]
970 469 1055 507 Hoc
1088 471 1146 507 est
1176 470 1288 518 uino,
1331 483 1407 519 quo
1440 482 1555 508 curae

211 529 411 578 pelluntur
437 531 476 566 et
500 529 611 566 labor
635 529 676 565 in
703 529 939 566 obliuionem
968 530 1077 566 uenit
1104 523 1205 580 (sim.
1225 524 1395 582 Porph.)
1451 529 1554 567 Mas-

211 589 334 626 sicum
365 601 457 626 uero
488 601 559 636 pro
593 586 792 636 Campano
824 588 957 637 posuit
991 583 1093 640 (AF
1104 588 1140 626 V

330 642 407 686 22.
460 659 623 685 clssomA
661 643 808 697 EXPLE]
866 647 948 684 Aut
979 646 1248 684 Alexandrina
1278 660 1412 696 poma,
1454 660 1554 696 quae

210 706 356 744 habent
393 706 538 744 similia
577 706 779 744 colocasiis
818 707 932 754 folia,
975 708 1016 743 in
1055 719 1222 755 quorum
1254 706 1554 744 similitudinem

210 766 317 803 facta
354 767 495 815 pocula
533 766 665 803 eodem
704 766 859 803 nomine
894 766 1146 815 appellantur
1177 761 1241 818 (ex
1271 760 1448 818 Pomm),
1486 768 1557 803 aut

210 828 313 863 certe
354 838 424 874 pro
465 825 560 863 cibis
597 826 747 874 posuit,
790 827 995 874 tamquam
1033 825 1163 863 cibum
1200 825 1351 874 poculis
1390 837 1555 874 conpen-

210 887 315 923 Saret
349 879 450 937 (AF
465 885 500 923 V

327 957 461 983 FVNDE
508 955 704 981 CAPAcxvs
742 957 776 982 v.
805 956 842 981 D.
871 940 924 994 c.]
1000 944 1084 982 Hoc
1129 948 1204 983 est:
1254 945 1404 994 largius
1447 945 1556 981 utere

210 1004 393 1041 odoribus
428 999 530 1056 (ΑΓ
541 1003 577 1041 V

330 1058 406 1101 23.
463 1063 520 1100 De
554 1062 708 1099 conchis
743 1057 838 1114 (VH
902 1062 1060 1101 Echinis
1106 1058 1380 1114 [concharum]
1420 1056 1552 1115 (erp

330 1121 495 1160 Conchis
529 1121 755 1158 echinorum
787 1116 828 1173 (γ

327 1192 417 1223 QVIS
456 1176 556 1231 vno]
614 1177 750 1225 ‘Quis'
783 1181 1112 1231 interrogatiuum
1149 1183 1225 1230 est,
1269 1181 1335 1219 sed
1366 1193 1454 1218 cum
1486 1193 1548 1218 ex-

208 1241 431 1278 hortatione
469 1240 622 1278 dicitur.
686 1236 814 1277 ‘Vdo’
853 1253 945 1277 uero
983 1240 1073 1288 apio
1104 1241 1240 1289 uiridi,
1277 1240 1341 1278 uel
1373 1239 1478 1288 quod
1508 1240 1550 1276 in

208 1300 303 1337 locis
348 1300 504 1348 aquosis
548 1300 723 1337 nascitur
767 1294 830 1351 (ex
872 1294 1042 1351 Porph.)
1125 1299 1276 1338 Corona
1320 1299 1424 1337 enim
1467 1299 1550 1348 apii

209 1359 439 1397 ebrietatem
470 1358 614 1396 dicitur
644 1357 859 1408 prohibere,
891 1361 935 1395 ut
966 1361 1025 1396 est
1057 1353 1191 1411 (Very.
1218 1359 1280 1397 ecl.
1309 1359 1347 1406 6,
1374 1352 1467 1410 68):

386 1442 516 1491 Atque
548 1442 638 1491 apio
670 1442 786 1479 crinis
819 1443 979 1479 ornatus
1012 1454 1145 1479 amaro
1179 1436 1328 1494 (AFV

329 1531 403 1575 24.
453 1532 768 1586 DEPROPERARE]
825 1535 1072 1574 Festinanter
1105 1536 1241 1574 afferre
1274 1531 1379 1589 (AF

329 1591 405 1634 25.
438 1608 549 1638 Qvi-:M
580 1606 708 1633 VENVS
739 1607 946 1632 ARBITRVM
978 1608 1015 1632 D.
1043 1591 1098 1646 B.]
1130 1595 1405 1644 Archiposiam
1429 1595 1551 1645 signi-

208 1655 300 1692 ficat
344 1658 382 1692 et
424 1658 659 1692 tesserarum
701 1655 808 1691 iactu
852 1654 988 1692 datum
1031 1655 1072 1691 in
1115 1654 1282 1692 bibendo
1321 1655 1553 1703 primatum.

208 1714 398 1752 Venerius
437 1716 568 1751 autem
604 1714 730 1751 iactus
762 1713 976 1751 latissimus
1015 1713 1234 1762 dicebatur,
1275 1714 1343 1762 qui
1379 1713 1555 1751 habebat

209 1774 463 1811 tricenarium
493 1785 698 1810 numerum
731 1767 880 1824 (AFV
901 1784 1000 1810 cons.
1025 1773 1165 1820 Porple.

329 1828 405 1872 26.
455 1844 536 1869 NON
568 1844 648 1869 EGO
681 1827 838 1882 SANIVS]
894 1832 984 1869 Non
1015 1831 1140 1869 leuius
1173 1826 1261 1883 (Ay

329 1887 404 1930 27.
437 1887 619 1941 EDoxns]
676 1891 891 1928 Thracibus
923 1890 1088 1928 Bacchis
1121 1889 1226 1940 (ΑΓ
1237 1891 1273 1928 V

329 1946 405 1990 28.
438 1947 615 2001 FVRERE]
654 1950 736 1987 Aut
756 1950 906 1987 ebrium
927 1962 1007 1988 esse
1028 1951 1098 1987 aut
1117 1951 1219 1987 certe
1239 1949 1384 1987 saltare
1406 1943 1552 2001 (APV

330 2078 349 2108 3
376 2075 531 2120 acestes]
558 2086 624 2110 om.
646 2075 681 2109 A
810 2077 829 2108 5
857 2085 941 2108 cure
968 2075 1003 2108 A
1131 2077 1173 2108 13
1201 2072 1374 2118 capacius
1400 2073 1436 2107 A
1460 2083 1551 2107 corr.

210 2127 251 2157 ut
274 2122 395 2157 υἱῶν
415 2122 614 2166 capacibus
640 2123 676 2156 A
696 2133 753 2166 pr.
882 2125 922 2155 15
951 2121 1189 2167 concharum]
1215 2120 1364 2156 inclusit
1389 2119 1438 2154 K.
1466 2130 1552 2153 con-

211 2180 337 2203 carum
348 2181 374 2213 p
448 2172 490 2202 17
506 2171 561 2203 set
575 2183 594 2213 γ
668 2173 710 2203 21
726 2168 836 2203 crinis
851 2169 926 2214 Ac]
943 2169 1059 2202 crines
1074 2170 1172 2213 PVp
1245 2171 1288 2202 23
1303 2166 1553 2211 archiposiam

212 2217 344 2262 Pch]
375 2216 597 2260 arciposiam
628 2217 664 2251 A
708 2215 942 2260 archiposian
973 2216 1107 2260 Por-ph.
1253 2218 1297 2249 24
1318 2215 1553 2248 'tesserarum

214 2264 313 2310 Pop]
341 2266 527 2298 cesseram-1
553 2265 589 2298 A
614 2264 756 2298 ’cessari—1
788 2264 822 2298 V
