1664 2563
170 62 227 102 24
615 59 868 94 EXPOSITIO
894 60 946 94 IN
971 59 1083 95 HOR.

170 174 283 222 aquis
321 173 425 211 Anio
470 174 617 210 cineres
661 172 760 210 [liae
803 172 845 209 in
883 171 1057 209 Tiberim
1099 171 1278 220 deduxit,
1322 172 1430 211 dicta
1463 173 1523 209 est

168 233 244 270 Ilia
272 232 403 270 Tiberi
434 233 624 281 nupsisse,
658 234 696 269 et
727 231 815 269 ideo
848 231 949 269 dixit
982 227 1162 269 ‘uxorius
1195 227 1358 280 amnis',
1389 231 1455 281 qui
1481 243 1522 268 se

169 291 218 329 ad
251 293 333 329 eius
366 292 566 341 querelam
598 292 766 329 iactaret
791 291 969 328 ultorem.
1026 290 1110 327 Alii
1135 290 1281 340 dicunt,
1314 291 1416 340 quod
1440 291 1521 327 ista

168 351 244 388 Ilia
270 351 415 388 Anieni
446 351 642 400 nupserit3
674 363 767 387 nam
798 350 915 387 multi
940 350 1013 387 hoc
1039 351 1215 388 sentiunt
1238 351 1387 398 poetae.
1444 348 1522 386 Sed

123 420 141 448 Γ»
168 410 376 459 Horatius,
421 412 466 447 ut
498 410 632 447 Tiberi
669 410 735 447 det
773 421 909 447 causas
947 409 1161 457 irascendi,
1206 409 1358 448 Tiberis
1392 409 1522 458 magis

96 750 139 780 10

97 1060 138 1088 15

92 1390 137 1420 20

93 1697 136 1726 25

168 470 270 507 dixit
298 483 458 507 uxorem
486 464 588 521 (sim.
609 463 781 521 Porph.)
831 468 971 506 onrii
997 470 1100 506 enim
1126 468 1312 506 dicuntur
1336 467 1520 506 uxoribus

167 529 302 578 dediti,
335 531 380 566 ut
410 528 612 578 Vergilius
647 523 762 580 (Aen.
789 527 872 565 HII
901 528 995 565 266,
1025 523 1147 580 267):

594 599 882 647 Pulchramque
915 600 1074 637 uxorius
1106 599 1243 636 urbem

380 659 543 695 Extruis
578 653 634 710 (A
644 671 694 696 rv
714 670 813 695 cons.
835 669 890 705 cp

288 736 363 780 23.
414 753 567 778 AVDIET
614 752 773 778 PVGNAS
816 752 928 778 VITIO
973 736 1212 790 PARENTwu]
1273 740 1430 790 Pugnas
1476 752 1522 777 ex

164 802 291 839 morte
319 800 496 838 Caesaris
528 801 570 837 in
600 802 778 849 posteros
809 799 985 837 redditas
1018 799 1115 837 dicit
1145 812 1215 848 per
1245 799 1350 837 bella
1374 798 1521 837 ciuilia.

164 860 269 897 Nam
313 862 352 897 et
394 860 599 910 Augustus
643 871 890 908 percussores
930 860 1012 896 eius
1053 870 1176 908 usque
1214 860 1255 896 in
1292 858 1522 908 Aegyptum

164 921 393 968 persecutus
427 920 486 956 est
519 913 575 971 (A
585 913 634 955 P'
657 913 792 971 (rEv)
815 930 914 956 cons.
935 929 991 965 cp

286 985 362 1029 25.
398 986 474 1029 ⁶26.
540 1002 652 1032 QVEM
694 1001 830 1027 VOCET
874 1002 1003 1027 DIVVM
1047 999 1227 1027 POPVLVS
1266 999 1438 1026 RVENTIS
1475 983 1520 1038 1.]

166 1050 337 1088 Auersos
369 1062 440 1098 pro
473 1050 547 1086 tali
580 1049 723 1086 scelere
749 1061 909 1098 superos
937 1048 1033 1086 dicit
1059 1050 1154 1087 uota
1179 1048 1343 1085 humani
1367 1047 1521 1098 generis

167 1110 360 1157 spreuisse
394 1103 513 1160 (Arv
534 1120 633 1146 cons.
656 1120 712 1156 cp

285 1180 416 1205 PRECE
457 1180 538 1209 QVA
569 1163 793 1217 FATIGENT]
856 1167 1056 1204 Instanter
1094 1168 1133 1203 et
1170 1167 1331 1215 inpense
1368 1166 1522 1215 rogent,

165 1229 209 1264 ut
241 1227 441 1277 Vergilius
476 1222 587 1279 (Stat.
613 1227 729 1274 Theb.
757 1226 798 1263 H
825 1221 949 1277 244):

378 1298 581 1347 Diuosque
612 1298 654 1335 in
686 1299 781 1335 uota
812 1297 987 1347 fatigant
1020 1291 1136 1348 (Arv
1156 1307 1256 1334 cons.
1276 1307 1295 1332 c
1303 1307 1333 1343 p

285 1376 361 1418 27.
395 1392 516 1418 mxvs
550 1392 788 1418 AVDOENTEM
822 1391 1003 1417 CAffluNA
1033 1375 1214 1429 VEsTAM]
1268 1378 1448 1427 Hymnos
1481 1379 1521 1415 et

163 1452 295 1489 preces
338 1452 417 1477 non
462 1440 688 1477 audientem
725 1451 796 1488 pro
836 1439 1133 1488 supplicantum
1171 1438 1362 1486 inpietate
1403 1432 1520 1489 (Ανν

163 1510 263 1537 cons.
284 1511 339 1546 cp

285 1565 360 1608 29.
395 1569 498 1607 *Oui
529 1569 641 1606 dabit
671 1570 804 1618 partes
833 1563 946 1621 (cp)]
997 1568 1106 1605 Idest
1132 1569 1196 1605 cui
1221 1567 1383 1605 deorum
1409 1566 1521 1604 dabit

163 1629 343 1678 Iuppiter
385 1630 624 1677 potestatem
663 1628 818 1666 delendi
854 1628 1022 1676 malum,
1068 1626 1172 1676 quod
1211 1627 1390 1675 patrauit
1426 1637 1519 1675 pars

164 1687 459 1727 Romanorum?
532 1688 622 1725 Non
673 1688 778 1725 enim
827 1699 960 1725 omnes
1013 1687 1293 1724 consenserunt
1341 1685 1382 1722 in
1425 1696 1520 1722 nece

165 1747 342 1786 Caesaris
377 1742 444 1799 (F'
464 1741 584 1799 (ναν)
605 1758 661 1794 cp
1339 1790 1342 1791 ⁷

285 1813 360 1855 30.
411 1830 601 1855 IVPPITER
643 1814 828 1868 TANDEM]
892 1817 998 1855 Iouis
1035 1817 1132 1854 mite
1169 1828 1315 1853 numen
1351 1817 1411 1852 est
1447 1826 1519 1852 nec

165 1877 379 1926 aliquando
411 1890 481 1926 per
513 1889 552 1914 se
583 1873 813 1927 l<a>edens,
845 1878 890 1912 ut
920 1875 1103 1913 Lucanus
1138 1869 1176 1927 (I
1198 1875 1292 1912 660.
1323 1868 1445 1926 661):

284 2028 300 2057 1
329 2024 393 2058 ilie
419 2026 455 2059 A
566 2028 585 2058 3
613 2024 818 2070 querelam]
849 2024 1022 2069 querelae
1047 2024 1124 2058 iam
1149 2024 1185 2057 A
1294 2025 1315 2055 4
1341 2021 1408 2055 ilia
1434 2021 1515 2065 am]

163 2071 239 2106 alia
266 2071 380 2105 alieni
400 2073 436 2106 A
537 2075 554 2105 7
581 2072 682 2116 uirg:
709 2073 810 2107 codd.
910 2075 930 2105 8
950 2071 1143 2115 pulcrhaq.
1165 2071 1201 2105 A
1299 2072 1319 2102 9
1340 2067 1480 2103 extruit
1499 2079 1518 2102 c

164 2118 346 2153 construit
372 2132 392 2152 ν
540 2122 583 2152 10
615 2130 761 2163 pugnas
787 2119 850 2164 cp]
885 2130 950 2153 om.
972 2123 1046 2153 cett.
1195 2121 1236 2151 11
1270 2115 1406 2150 cesaris
1431 2116 1468 2149 A

165 2170 207 2200 12
235 2166 365 2210 egiptfi
391 2167 426 2200 A
551 2169 592 2199 18
618 2166 675 2211 ut]
704 2178 769 2201 om.
792 2180 824 2208 v,
850 2167 890 2200 in
917 2166 1074 2208 confimo
1100 2175 1272 2199 uersuum
1296 2164 1393 2206 falso
1417 2173 1516 2206 repe-

163 2214 268 2248 titum
290 2214 329 2246 in
342 2214 378 2247 A
452 2213 553 2257 uirg:
575 2213 675 2247 codd.
751 2217 795 2247 20
809 2224 940 2257 ymnos
955 2214 1046 2247 Arv
1072 2212 1260 2256 hymnose
1285 2210 1470 2254 himnosp

164 2265 206 2295 21
245 2260 381 2304 inpiet:
410 2261 445 2305 v]
486 2260 634 2304 impiet:
662 2261 725 2294 Ar
871 2264 913 2294 23
953 2260 1052 2294 idest
1077 2259 1139 2304 cp]
1173 2259 1196 2293 1.
1225 2272 1246 2293 v
1272 2260 1289 2291 1
1313 2271 1337 2292 οι
1364 2268 1429 2292 om.
1450 2268 1470 2292 r

165 2311 206 2341 27
234 2307 330 2342 iouis
357 2308 419 2353 cp]
449 2319 514 2342 om.
536 2308 627 2342 Arv
655 2308 699 2350 cf.
721 2319 756 2341 u.
779 2310 825 2341 33
