<?xml version="1.0" encoding="UTF-8"?>
<!DOCTYPE html PUBLIC "-//W3C//DTD XHTML 1.0 Transitional//EN"
    "http://www.w3.org/TR/xhtml1/DTD/xhtml1-transitional.dtd">
<html xmlns="http://www.w3.org/1999/xhtml" xml:lang="en" lang="en">
 <head>
  <title>
</title>
<meta http-equiv="Content-Type" content="text/html;charset=utf-8" />
  <meta name='ocr-system' content='tesseract 3.04.00' />
  <meta name='ocr-capabilities' content='ocr_page ocr_carea ocr_par ocr_line ocrx_word'/>
</head>
<body>
  <div class='ocr_page' id='page_1' title='image "./pseudacronisscho01kelluoft_0026.png"; bbox 0 0 1664 2563; ppageno 0'>
   <div class='ocr_carea' id='block_1_1' title="bbox 73 733 116 763">
    <p class='ocr_par' dir='ltr' id='par_1_1' title="bbox 73 733 116 763">
     <span class='ocr_line' id='line_1_1' title="bbox 73 733 116 763; baseline 0 0"><span class='ocrx_word' id='word_1_1' title='bbox 73 733 116 763; x_wconf 89' lang='lat'>10</span> 
     </span>
    </p>
   </div>
   <div class='ocr_carea' id='block_1_2' title="bbox 71 1030 114 1060">
    <p class='ocr_par' dir='ltr' id='par_1_2' title="bbox 71 1030 114 1060">
     <span class='ocr_line' id='line_1_2' title="bbox 71 1030 114 1060; baseline 0 0"><span class='ocrx_word' id='word_1_2' title='bbox 71 1030 114 1060; x_wconf 81' lang='lat'>15</span> 
     </span>
    </p>
   </div>
   <div class='ocr_carea' id='block_1_3' title="bbox 70 1350 115 1381">
    <p class='ocr_par' dir='ltr' id='par_1_3' title="bbox 70 1350 115 1381">
     <span class='ocr_line' id='line_1_3' title="bbox 70 1350 115 1381; baseline 0 0"><span class='ocrx_word' id='word_1_3' title='bbox 70 1350 115 1381; x_wconf 84' lang='lat'>20</span> 
     </span>
    </p>
   </div>
   <div class='ocr_carea' id='block_1_4' title="bbox 71 1683 115 1713">
    <p class='ocr_par' dir='ltr' id='par_1_4' title="bbox 71 1683 115 1713">
     <span class='ocr_line' id='line_1_4' title="bbox 71 1683 115 1713; baseline 0 0"><span class='ocrx_word' id='word_1_4' title='bbox 71 1683 115 1713; x_wconf 83' lang='lat'>25</span> 
     </span>
    </p>
   </div>
   <div class='ocr_carea' id='block_1_5' title="bbox 145 65 984 108">
    <p class='ocr_par' dir='ltr' id='par_1_5' title="bbox 145 65 984 108">
     <span class='ocr_line' id='line_1_5' title="bbox 145 65 984 108; baseline -0.004 -6"><span class='ocrx_word' id='word_1_5' title='bbox 145 67 171 108; x_wconf 86' lang='grc'>6</span> <span class='ocrx_word' id='word_1_6' title='bbox 653 65 817 100; x_wconf 80' lang='lat' dir='ltr'>EXPOS.</span> <span class='ocrx_word' id='word_1_7' title='bbox 838 65 984 100; x_wconf 81' lang='lat' dir='ltr'>METR.</span> 
     </span>
    </p>
   </div>
   <div class='ocr_carea' id='block_1_6' title="bbox 140 177 1494 405">
    <p class='ocr_par' dir='ltr' id='par_1_6' title="bbox 140 177 1494 405">
     <span class='ocr_line' id='line_1_6' title="bbox 142 177 1494 228; baseline 0 -12"><span class='ocrx_word' id='word_1_8' title='bbox 142 179 368 217; x_wconf 80' lang='lat' dir='ltr'>choriambo</span> <span class='ocrx_word' id='word_1_9' title='bbox 401 180 440 216; x_wconf 91' lang='lat' dir='ltr'>et</span> <span class='ocrx_word' id='word_1_10' title='bbox 470 178 672 228; x_wconf 76' lang='lat' dir='ltr'>pyrrichio</span> <span class='ocrx_word' id='word_1_11' title='bbox 706 179 788 216; x_wconf 89' lang='lat' dir='ltr'>siue</span> <span class='ocrx_word' id='word_1_12' title='bbox 820 178 962 216; x_wconf 88' lang='lat' dir='ltr'>iambo.</span> <span class='ocrx_word' id='word_1_13' title='bbox 1015 177 1213 216; x_wconf 82' lang='lat' dir='ltr'>Secundus</span> <span class='ocrx_word' id='word_1_14' title='bbox 1239 190 1332 216; x_wconf 89' lang='lat' dir='ltr'>uero</span> <span class='ocrx_word' id='word_1_15' title='bbox 1359 189 1494 216; x_wconf 88' lang='lat' dir='ltr'>uersus</span> 
     </span>
     <span class='ocr_line' id='line_1_7' title="bbox 141 233 1494 292; baseline -0.001 -16"><span class='ocrx_word' id='word_1_16' title='bbox 141 238 422 288; x_wconf 83' lang='lat' dir='ltr'>Asclepiadeus</span> <span class='ocrx_word' id='word_1_17' title='bbox 467 240 542 286; x_wconf 88' lang='lat' dir='ltr'>est,</span> <span class='ocrx_word' id='word_1_18' title='bbox 589 240 699 275; x_wconf 88' lang='lat' dir='ltr'>cuius</span> <span class='ocrx_word' id='word_1_19' title='bbox 744 239 825 275; x_wconf 86' lang='lat' dir='ltr'>iam</span> <span class='ocrx_word' id='word_1_20' title='bbox 868 239 910 274; x_wconf 88' lang='lat' dir='ltr'>in</span> <span class='ocrx_word' id='word_1_21' title='bbox 953 238 1082 286; x_wconf 88' lang='lat' dir='ltr'>prima</span> <span class='ocrx_word' id='word_1_22' title='bbox 1127 233 1210 292; x_wconf 76' lang='grc' dir='ltr'>ᾠδῇ</span> <span class='ocrx_word' id='word_1_23' title='bbox 1253 237 1494 275; x_wconf 86' lang='lat' dir='ltr'>reddidimus</span> 
     </span>
     <span class='ocr_line' id='line_1_8' title="bbox 140 296 1492 347; baseline -0.001 -12"><span class='ocrx_word' id='word_1_24' title='bbox 140 300 345 336; x_wconf 86' lang='lat' dir='ltr'>rationem.</span> <span class='ocrx_word' id='word_1_25' title='bbox 425 297 607 347; x_wconf 87' lang='lat' dir='ltr'>Vsusque</span> <span class='ocrx_word' id='word_1_26' title='bbox 658 299 716 335; x_wconf 90' lang='lat' dir='ltr'>est</span> <span class='ocrx_word' id='word_1_27' title='bbox 764 298 837 334; x_wconf 85' lang='lat' dir='ltr'>hac</span> <span class='ocrx_word' id='word_1_28' title='bbox 887 298 1004 334; x_wconf 81' lang='lat' dir='ltr'>metri</span> <span class='ocrx_word' id='word_1_29' title='bbox 1054 297 1336 346; x_wconf 76' lang='lat' dir='ltr'>compositione</span> <span class='ocrx_word' id='word_1_30' title='bbox 1382 296 1492 334; x_wconf 88' lang='grc' dir='ltr'>-ΧΠ-</span> 
     </span>
     <span class='ocr_line' id='line_1_9' title="bbox 140 357 1133 405; baseline -0.001 -10"><span class='ocrx_word' id='word_1_31' title='bbox 140 359 298 395; x_wconf 89' lang='lat' dir='ltr'>tantum</span> <span class='ocrx_word' id='word_1_32' title='bbox 331 357 525 405; x_wconf 74' lang='lat' dir='ltr'>cantibus,</span> <span class='ocrx_word' id='word_1_33' title='bbox 560 359 602 394; x_wconf 89' lang='lat' dir='ltr'>ut</span> <span class='ocrx_word' id='word_1_34' title='bbox 633 357 809 394; x_wconf 84' lang='lat' dir='ltr'>subiecta</span> <span class='ocrx_word' id='word_1_35' title='bbox 840 357 1133 394; x_wconf 86' lang='lat' dir='ltr'>monstrabunt:</span> 
     </span>
    </p>
   </div>
   <div class='ocr_carea' id='block_1_7' title="bbox 354 426 997 1130">
    <p class='ocr_par' dir='ltr' id='par_1_7' title="bbox 354 426 972 892">
     <span class='ocr_line' id='line_1_10' title="bbox 356 426 943 477; baseline -0.003 -11"><span class='ocrx_word' id='word_1_36' title='bbox 356 428 421 466; x_wconf 85' lang='lat' dir='ltr'>Sic</span> <span class='ocrx_word' id='word_1_37' title='bbox 452 430 491 465; x_wconf 90' lang='lat' dir='ltr'>te</span> <span class='ocrx_word' id='word_1_38' title='bbox 524 427 618 465; x_wconf 89' lang='lat' dir='ltr'>diua</span> <span class='ocrx_word' id='word_1_39' title='bbox 648 430 788 477; x_wconf 88' lang='lat' dir='ltr'>potens</span> <span class='ocrx_word' id='word_1_40' title='bbox 822 426 943 476; x_wconf 81' lang='lat' dir='ltr'>Cypri</span> 
     </span>
     <span class='ocr_line' id='line_1_11' title="bbox 356 486 886 536; baseline 0 -12"><span class='ocrx_word' id='word_1_41' title='bbox 356 487 455 525; x_wconf 80' lang='lat' dir='ltr'>Cum</span> <span class='ocrx_word' id='word_1_42' title='bbox 485 490 531 525; x_wconf 88' lang='lat' dir='ltr'>tu</span> <span class='ocrx_word' id='word_1_43' title='bbox 562 486 689 536; x_wconf 84' lang='lat' dir='ltr'>Lydia</span> <span class='ocrx_word' id='word_1_44' title='bbox 723 487 886 536; x_wconf 80' lang='lat' dir='ltr'>Telephi</span> 
     </span>
     <span class='ocr_line' id='line_1_12' title="bbox 354 546 904 595; baseline 0 -12"><span class='ocrx_word' id='word_1_45' title='bbox 354 547 483 585; x_wconf 90' lang='lat' dir='ltr'>Mater</span> <span class='ocrx_word' id='word_1_46' title='bbox 515 559 634 585; x_wconf 87' lang='lat' dir='ltr'>saeua</span> <span class='ocrx_word' id='word_1_47' title='bbox 667 546 904 595; x_wconf 82' lang='lat' dir='ltr'>Cupidinum</span> 
     </span>
     <span class='ocr_line' id='line_1_13' title="bbox 354 606 918 644; baseline -0.002 0"><span class='ocrx_word' id='word_1_48' title='bbox 354 607 408 644; x_wconf 87' lang='lat' dir='ltr'>Et</span> <span class='ocrx_word' id='word_1_49' title='bbox 438 608 525 644; x_wconf 82' lang='lat' dir='ltr'>ture</span> <span class='ocrx_word' id='word_1_50' title='bbox 558 609 598 643; x_wconf 93' lang='lat' dir='ltr'>et</span> <span class='ocrx_word' id='word_1_51' title='bbox 629 606 770 644; x_wconf 89' lang='lat' dir='ltr'>fidibus</span> <span class='ocrx_word' id='word_1_52' title='bbox 802 607 918 643; x_wconf 87' lang='lat' dir='ltr'>iuuat</span> 
     </span>
     <span class='ocr_line' id='line_1_14' title="bbox 355 666 903 716; baseline -0.002 -13"><span class='ocrx_word' id='word_1_53' title='bbox 355 666 489 703; x_wconf 87' lang='lat' dir='ltr'>Donec</span> <span class='ocrx_word' id='word_1_54' title='bbox 522 668 657 716; x_wconf 83' lang='lat' dir='ltr'>gratus</span> <span class='ocrx_word' id='word_1_55' title='bbox 690 678 797 703; x_wconf 88' lang='lat' dir='ltr'>eram</span> <span class='ocrx_word' id='word_1_56' title='bbox 828 666 903 702; x_wconf 90' lang='lat' dir='ltr'>tibi</span> 
     </span>
     <span class='ocr_line' id='line_1_15' title="bbox 357 725 812 774; baseline 0 -13"><span class='ocrx_word' id='word_1_57' title='bbox 357 725 465 763; x_wconf 87' lang='lat' dir='ltr'>onr</span> <span class='ocrx_word' id='word_1_58' title='bbox 497 726 681 774; x_wconf 87' lang='lat' dir='ltr'>pauperis</span> <span class='ocrx_word' id='word_1_59' title='bbox 713 725 812 762; x_wconf 81' lang='lat' dir='ltr'>Ibici</span> 
     </span>
     <span class='ocr_line' id='line_1_16' title="bbox 358 783 972 829; baseline 0 -8"><span class='ocrx_word' id='word_1_60' title='bbox 358 784 558 829; x_wconf 85' lang='lat' dir='ltr'>Quantum</span> <span class='ocrx_word' id='word_1_61' title='bbox 591 785 712 822; x_wconf 85' lang='lat' dir='ltr'>distet</span> <span class='ocrx_word' id='word_1_62' title='bbox 744 784 792 822; x_wconf 89' lang='lat' dir='ltr'>ab</span> <span class='ocrx_word' id='word_1_63' title='bbox 824 783 972 821; x_wconf 88' lang='lat' dir='ltr'>Inacho</span> 
     </span>
     <span class='ocr_line' id='line_1_17' title="bbox 354 844 778 892; baseline -0.002 -11"><span class='ocrx_word' id='word_1_64' title='bbox 354 844 521 882; x_wconf 76' lang='lat' dir='ltr'>Intactis</span> <span class='ocrx_word' id='word_1_65' title='bbox 554 844 778 892; x_wconf 89' lang='lat' dir='ltr'>opulentior</span> 
     </span>
    </p>

    <p class='ocr_par' dir='ltr' id='par_1_8' title="bbox 354 903 997 1130">
     <span class='ocr_line' id='line_1_18' title="bbox 355 903 950 951; baseline -0.002 -11"><span class='ocrx_word' id='word_1_66' title='bbox 355 903 440 947; x_wconf 84' lang='lat' dir='ltr'>Quo</span> <span class='ocrx_word' id='word_1_67' title='bbox 473 917 533 941; x_wconf 90' lang='lat' dir='ltr'>me</span> <span class='ocrx_word' id='word_1_68' title='bbox 566 903 719 941; x_wconf 86' lang='lat' dir='ltr'>Bacche</span> <span class='ocrx_word' id='word_1_69' title='bbox 751 903 858 951; x_wconf 86' lang='lat' dir='ltr'>rapis</span> <span class='ocrx_word' id='word_1_70' title='bbox 890 903 950 939; x_wconf 89' lang='lat' dir='ltr'>tui</span> 
     </span>
     <span class='ocr_line' id='line_1_19' title="bbox 354 962 859 1011; baseline -0.004 -11"><span class='ocrx_word' id='word_1_71' title='bbox 354 963 472 1000; x_wconf 86' lang='lat' dir='ltr'>Festo</span> <span class='ocrx_word' id='word_1_72' title='bbox 506 962 600 1011; x_wconf 88' lang='lat' dir='ltr'>quid</span> <span class='ocrx_word' id='word_1_73' title='bbox 631 962 764 1011; x_wconf 88' lang='lat' dir='ltr'>potius</span> <span class='ocrx_word' id='word_1_74' title='bbox 797 962 859 999; x_wconf 90' lang='lat' dir='ltr'>die</span> 
     </span>
     <span class='ocr_line' id='line_1_20' title="bbox 355 1021 852 1060; baseline -0.002 -1"><span class='ocrx_word' id='word_1_75' title='bbox 355 1022 587 1060; x_wconf 85' lang='lat' dir='ltr'>Intermissa</span> <span class='ocrx_word' id='word_1_76' title='bbox 618 1022 751 1059; x_wconf 85' lang='lat' dir='ltr'>Venus</span> <span class='ocrx_word' id='word_1_77' title='bbox 785 1021 852 1058; x_wconf 90' lang='lat' dir='ltr'>diu</span> 
     </span>
     <span class='ocr_line' id='line_1_21' title="bbox 358 1081 997 1130; baseline -0.002 -12"><span class='ocrx_word' id='word_1_78' title='bbox 358 1081 481 1126; x_wconf 85' lang='lat' dir='ltr'>Quem</span> <span class='ocrx_word' id='word_1_79' title='bbox 513 1084 558 1119; x_wconf 87' lang='lat' dir='ltr'>tu</span> <span class='ocrx_word' id='word_1_80' title='bbox 589 1081 834 1130; x_wconf 86' lang='lat' dir='ltr'>Melpomene</span> <span class='ocrx_word' id='word_1_81' title='bbox 868 1081 997 1118; x_wconf 88' lang='lat' dir='ltr'>semel.</span> 
     </span>
    </p>
   </div>
   <div class='ocr_carea' id='block_1_8' title="bbox 140 1159 1497 1511">
    <p class='ocr_par' dir='ltr' id='par_1_9' title="bbox 140 1159 1497 1511">
     <span class='ocr_line' id='line_1_22' title="bbox 260 1159 1496 1218; baseline 0 -17"><span class='ocrx_word' id='word_1_82' title='bbox 260 1163 409 1208; x_wconf 83' lang='lat' dir='ltr'>Quarta</span> <span class='ocrx_word' id='word_1_83' title='bbox 454 1159 536 1218; x_wconf 76' lang='grc' dir='ltr'>ᾠδή</span> <span class='ocrx_word' id='word_1_84' title='bbox 581 1164 727 1202; x_wconf 89' lang='lat' dir='ltr'>dicolos</span> <span class='ocrx_word' id='word_1_85' title='bbox 773 1166 831 1202; x_wconf 88' lang='lat' dir='ltr'>est</span> <span class='ocrx_word' id='word_1_86' title='bbox 875 1163 1110 1213; x_wconf 85' lang='lat' dir='ltr'>distrophos.</span> <span class='ocrx_word' id='word_1_87' title='bbox 1191 1163 1346 1201; x_wconf 87' lang='lat' dir='ltr'>Primus</span> <span class='ocrx_word' id='word_1_88' title='bbox 1391 1165 1496 1201; x_wconf 88' lang='lat' dir='ltr'>enim</span> 
     </span>
     <span class='ocr_line' id='line_1_23' title="bbox 140 1223 1496 1272; baseline -0.001 -11"><span class='ocrx_word' id='word_1_89' title='bbox 140 1236 289 1272; x_wconf 87' lang='lat' dir='ltr'>uersus,</span> <span class='ocrx_word' id='word_1_90' title='bbox 322 1225 390 1272; x_wconf 87' lang='lat' dir='ltr'>qui</span> <span class='ocrx_word' id='word_1_91' title='bbox 409 1223 685 1261; x_wconf 87' lang='lat' dir='ltr'>Archilochius</span> <span class='ocrx_word' id='word_1_92' title='bbox 713 1223 869 1271; x_wconf 85' lang='lat' dir='ltr'>dicitur,</span> <span class='ocrx_word' id='word_1_93' title='bbox 902 1225 1058 1261; x_wconf 88' lang='lat' dir='ltr'>constat</span> <span class='ocrx_word' id='word_1_94' title='bbox 1083 1225 1313 1261; x_wconf 87' lang='lat' dir='ltr'>tetrametro</span> <span class='ocrx_word' id='word_1_95' title='bbox 1339 1223 1496 1261; x_wconf 89' lang='lat' dir='ltr'>heroico</span> 
     </span>
     <span class='ocr_line' id='line_1_24' title="bbox 142 1279 1495 1333; baseline 0 -12"><span class='ocrx_word' id='word_1_96' title='bbox 142 1285 181 1321; x_wconf 88' lang='lat' dir='ltr'>et</span> <span class='ocrx_word' id='word_1_97' title='bbox 212 1283 338 1321; x_wconf 87' lang='lat' dir='ltr'>tribus</span> <span class='ocrx_word' id='word_1_98' title='bbox 370 1279 633 1333; x_wconf 82' lang='lat' dir='ltr'>troch&lt;a&gt;eis.</span> <span class='ocrx_word' id='word_1_99' title='bbox 692 1281 892 1320; x_wconf 87' lang='lat' dir='ltr'>Secundus</span> <span class='ocrx_word' id='word_1_100' title='bbox 925 1295 1018 1320; x_wconf 90' lang='lat' dir='ltr'>uero</span> <span class='ocrx_word' id='word_1_101' title='bbox 1052 1283 1367 1331; x_wconf 88' lang='lat' dir='ltr'>pentimemerim</span> <span class='ocrx_word' id='word_1_102' title='bbox 1397 1284 1495 1321; x_wconf 90' lang='lat' dir='ltr'>iam-</span> 
     </span>
     <span class='ocr_line' id='line_1_25' title="bbox 140 1338 1497 1393; baseline 0 -13"><span class='ocrx_word' id='word_1_103' title='bbox 140 1343 271 1380; x_wconf 83' lang='lat' dir='ltr'>bicam</span> <span class='ocrx_word' id='word_1_104' title='bbox 308 1343 445 1391; x_wconf 85' lang='lat' dir='ltr'>habet,</span> <span class='ocrx_word' id='word_1_105' title='bbox 484 1345 523 1380; x_wconf 89' lang='lat' dir='ltr'>et</span> <span class='ocrx_word' id='word_1_106' title='bbox 560 1342 744 1380; x_wconf 89' lang='lat' dir='ltr'>similiter</span> <span class='ocrx_word' id='word_1_107' title='bbox 775 1344 855 1380; x_wconf 87' lang='lat' dir='ltr'>tres</span> <span class='ocrx_word' id='word_1_108' title='bbox 887 1338 1160 1393; x_wconf 77' lang='lat' dir='ltr'>troch&lt;a&gt;eos</span> <span class='ocrx_word' id='word_1_109' title='bbox 1225 1342 1497 1391; x_wconf 59' lang='lat' dir='ltr'>Vsusqueest</span> 
     </span>
     <span class='ocr_line' id='line_1_26' title="bbox 140 1403 1496 1451; baseline 0.001 -12"><span class='ocrx_word' id='word_1_110' title='bbox 140 1403 215 1440; x_wconf 84' lang='lat' dir='ltr'>hac</span> <span class='ocrx_word' id='word_1_111' title='bbox 251 1404 369 1439; x_wconf 81' lang='lat' dir='ltr'>metri</span> <span class='ocrx_word' id='word_1_112' title='bbox 407 1403 689 1451; x_wconf 79' lang='lat' dir='ltr'>compositione</span> <span class='ocrx_word' id='word_1_113' title='bbox 728 1414 806 1439; x_wconf 88' lang='lat' dir='ltr'>uno</span> <span class='ocrx_word' id='word_1_114' title='bbox 838 1403 997 1439; x_wconf 87' lang='lat' dir='ltr'>tantum</span> <span class='ocrx_word' id='word_1_115' title='bbox 1029 1403 1166 1450; x_wconf 87' lang='lat' dir='ltr'>cantu,</span> <span class='ocrx_word' id='word_1_116' title='bbox 1205 1403 1314 1440; x_wconf 90' lang='lat' dir='ltr'>cuius</span> <span class='ocrx_word' id='word_1_117' title='bbox 1345 1403 1496 1451; x_wconf 89' lang='lat' dir='ltr'>primus</span> 
     </span>
     <span class='ocr_line' id='line_1_27' title="bbox 141 1461 642 1511; baseline -0.002 -12"><span class='ocrx_word' id='word_1_118' title='bbox 141 1474 277 1499; x_wconf 88' lang='lat' dir='ltr'>uersus</span> <span class='ocrx_word' id='word_1_119' title='bbox 310 1461 532 1511; x_wconf 87' lang='lat' dir='ltr'>adscriptus</span> <span class='ocrx_word' id='word_1_120' title='bbox 566 1463 642 1499; x_wconf 87' lang='lat' dir='ltr'>est:</span> 
     </span>
    </p>
   </div>
   <div class='ocr_carea' id='block_1_9' title="bbox 232 1532 1398 1582">
    <p class='ocr_par' dir='ltr' id='par_1_10' title="bbox 232 1532 1398 1582">
     <span class='ocr_line' id='line_1_28' title="bbox 232 1532 1398 1582; baseline 0 -12"><span class='ocrx_word' id='word_1_121' title='bbox 232 1532 410 1570; x_wconf 84' lang='lat' dir='ltr'>Soluitur</span> <span class='ocrx_word' id='word_1_122' title='bbox 442 1534 542 1570; x_wconf 89' lang='lat' dir='ltr'>acris</span> <span class='ocrx_word' id='word_1_123' title='bbox 573 1533 725 1581; x_wconf 88' lang='lat' dir='ltr'>hiemps</span> <span class='ocrx_word' id='word_1_124' title='bbox 759 1533 876 1582; x_wconf 86' lang='lat' dir='ltr'>grata</span> <span class='ocrx_word' id='word_1_125' title='bbox 906 1533 994 1569; x_wconf 88' lang='lat' dir='ltr'>uice</span> <span class='ocrx_word' id='word_1_126' title='bbox 1026 1533 1131 1569; x_wconf 87' lang='lat' dir='ltr'>ueris</span> <span class='ocrx_word' id='word_1_127' title='bbox 1164 1534 1204 1569; x_wconf 89' lang='lat' dir='ltr'>et</span> <span class='ocrx_word' id='word_1_128' title='bbox 1235 1532 1398 1570; x_wconf 86' lang='lat' dir='ltr'>Fauoni.</span> 
     </span>
    </p>
   </div>
   <div class='ocr_carea' id='block_1_10' title="bbox 142 1610 1498 1960">
    <p class='ocr_par' dir='ltr' id='par_1_11' title="bbox 142 1610 1498 1960">
     <span class='ocr_line' id='line_1_29' title="bbox 260 1610 1496 1669; baseline 0 -16"><span class='ocrx_word' id='word_1_129' title='bbox 260 1614 407 1659; x_wconf 82' lang='lat' dir='ltr'>Quinta</span> <span class='ocrx_word' id='word_1_130' title='bbox 451 1610 534 1669; x_wconf 77' lang='grc' dir='ltr'>ᾠδή</span> <span class='ocrx_word' id='word_1_131' title='bbox 577 1614 738 1652; x_wconf 88' lang='lat' dir='ltr'>tricolos</span> <span class='ocrx_word' id='word_1_132' title='bbox 780 1616 838 1652; x_wconf 89' lang='lat' dir='ltr'>est</span> <span class='ocrx_word' id='word_1_133' title='bbox 874 1615 1186 1663; x_wconf 83' lang='lat' dir='ltr'>tetrastrophos,</span> <span class='ocrx_word' id='word_1_134' title='bbox 1229 1614 1333 1652; x_wconf 89' lang='lat' dir='ltr'>idest</span> <span class='ocrx_word' id='word_1_135' title='bbox 1369 1615 1496 1653; x_wconf 86' lang='lat' dir='ltr'>tribus</span> 
     </span>
     <span class='ocr_line' id='line_1_30' title="bbox 142 1674 1498 1724; baseline 0 -12"><span class='ocrx_word' id='word_1_136' title='bbox 142 1675 349 1724; x_wconf 84' lang='lat' dir='ltr'>generibus</span> <span class='ocrx_word' id='word_1_137' title='bbox 380 1676 497 1712; x_wconf 90' lang='lat' dir='ltr'>metri</span> <span class='ocrx_word' id='word_1_138' title='bbox 529 1676 676 1723; x_wconf 86' lang='lat' dir='ltr'>scripta</span> <span class='ocrx_word' id='word_1_139' title='bbox 708 1687 731 1711; x_wconf 85' lang='lat' dir='ltr'>a</span> <span class='ocrx_word' id='word_1_140' title='bbox 763 1676 907 1723; x_wconf 87' lang='lat' dir='ltr'>quarto</span> <span class='ocrx_word' id='word_1_141' title='bbox 940 1674 1048 1712; x_wconf 85' lang='lat' dir='ltr'>facta</span> <span class='ocrx_word' id='word_1_142' title='bbox 1073 1674 1342 1722; x_wconf 87' lang='lat' dir='ltr'>replicatione.</span> <span class='ocrx_word' id='word_1_143' title='bbox 1392 1674 1498 1712; x_wconf 87' lang='lat' dir='ltr'>Nam</span> 
     </span>
     <span class='ocr_line' id='line_1_31' title="bbox 143 1733 1496 1783; baseline 0 -12"><span class='ocrx_word' id='word_1_144' title='bbox 143 1735 263 1782; x_wconf 89' lang='lat' dir='ltr'>primi</span> <span class='ocrx_word' id='word_1_145' title='bbox 300 1734 376 1772; x_wconf 89' lang='lat' dir='ltr'>duo</span> <span class='ocrx_word' id='word_1_146' title='bbox 414 1746 550 1772; x_wconf 85' lang='lat' dir='ltr'>uersus</span> <span class='ocrx_word' id='word_1_147' title='bbox 587 1733 840 1782; x_wconf 83' lang='lat' dir='ltr'>Asclepiadei</span> <span class='ocrx_word' id='word_1_148' title='bbox 879 1736 988 1781; x_wconf 91' lang='lat' dir='ltr'>sunt,</span> <span class='ocrx_word' id='word_1_149' title='bbox 1032 1735 1174 1771; x_wconf 88' lang='lat' dir='ltr'>tertius</span> <span class='ocrx_word' id='word_1_150' title='bbox 1205 1733 1496 1783; x_wconf 84' lang='lat' dir='ltr'>Pheregratius,</span> 
     </span>
     <span class='ocr_line' id='line_1_32' title="bbox 144 1791 1495 1842; baseline -0.001 -12"><span class='ocrx_word' id='word_1_151' title='bbox 144 1794 213 1841; x_wconf 91' lang='lat' dir='ltr'>qui</span> <span class='ocrx_word' id='word_1_152' title='bbox 239 1795 395 1831; x_wconf 88' lang='lat' dir='ltr'>constat</span> <span class='ocrx_word' id='word_1_153' title='bbox 421 1793 605 1842; x_wconf 80' lang='lat' dir='ltr'>spondeo,</span> <span class='ocrx_word' id='word_1_154' title='bbox 638 1793 783 1830; x_wconf 85' lang='lat' dir='ltr'>dactilo</span> <span class='ocrx_word' id='word_1_155' title='bbox 811 1795 850 1830; x_wconf 86' lang='lat' dir='ltr'>et</span> <span class='ocrx_word' id='word_1_156' title='bbox 880 1793 1064 1841; x_wconf 84' lang='lat' dir='ltr'>spondeo,</span> <span class='ocrx_word' id='word_1_157' title='bbox 1091 1795 1256 1842; x_wconf 88' lang='lat' dir='ltr'>quartus</span> <span class='ocrx_word' id='word_1_158' title='bbox 1283 1791 1495 1831; x_wconf 84' lang='lat' dir='ltr'>Gliconius.</span> 
     </span>
     <span class='ocr_line' id='line_1_33' title="bbox 143 1852 1498 1901; baseline 0.001 -12"><span class='ocrx_word' id='word_1_159' title='bbox 143 1852 357 1901; x_wconf 87' lang='lat' dir='ltr'>Vtiturque</span> <span class='ocrx_word' id='word_1_160' title='bbox 395 1853 469 1890; x_wconf 84' lang='lat' dir='ltr'>hac</span> <span class='ocrx_word' id='word_1_161' title='bbox 506 1854 624 1890; x_wconf 88' lang='lat' dir='ltr'>metri</span> <span class='ocrx_word' id='word_1_162' title='bbox 655 1853 939 1901; x_wconf 87' lang='lat' dir='ltr'>compositione</span> <span class='ocrx_word' id='word_1_163' title='bbox 972 1854 1129 1890; x_wconf 86' lang='lat' dir='ltr'>tantum</span> <span class='ocrx_word' id='word_1_164' title='bbox 1163 1852 1272 1889; x_wconf 90' lang='lat' dir='ltr'><strong>·VII·</strong></span> <span class='ocrx_word' id='word_1_165' title='bbox 1305 1852 1498 1901; x_wconf 88' lang='lat' dir='ltr'>cantibus,</span> 
     </span>
     <span class='ocr_line' id='line_1_34' title="bbox 145 1911 821 1960; baseline 0 -12"><span class='ocrx_word' id='word_1_166' title='bbox 145 1925 312 1960; x_wconf 86' lang='lat' dir='ltr'>quorum</span> <span class='ocrx_word' id='word_1_167' title='bbox 344 1912 560 1960; x_wconf 85' lang='lat' dir='ltr'>primordia</span> <span class='ocrx_word' id='word_1_168' title='bbox 592 1911 821 1949; x_wconf 89' lang='lat' dir='ltr'>subnotaui:</span> 
     </span>
    </p>
   </div>
   <div class='ocr_carea' id='block_1_11' title="bbox 144 2035 1499 2366">
    <p class='ocr_par' dir='ltr' id='par_1_12' title="bbox 144 2035 1499 2366">
     <span class='ocr_line' id='line_1_35' title="bbox 265 2035 1451 2082; baseline 0 -13"><span class='ocrx_word' id='word_1_169' title='bbox 265 2040 282 2070; x_wconf 87' lang='lat'>1</span> <span class='ocrx_word' id='word_1_170' title='bbox 318 2035 531 2070; x_wconf 85' lang='lat' dir='ltr'>choriambo</span> <span class='ocrx_word' id='word_1_171' title='bbox 569 2036 601 2082; x_wconf 81' lang='lat' dir='ltr'>c]</span> <span class='ocrx_word' id='word_1_172' title='bbox 642 2048 718 2071; x_wconf 82' lang='lat' dir='ltr'>cor:</span> <span class='ocrx_word' id='word_1_173' title='bbox 758 2040 832 2072; x_wconf 73' lang='lat' dir='ltr'>cett.</span> <span class='ocrx_word' id='word_1_174' title='bbox 1000 2048 1103 2080; x_wconf 77' lang='lat' dir='ltr'>pyrr:</span> <span class='ocrx_word' id='word_1_175' title='bbox 1142 2037 1226 2082; x_wconf 81' lang='lat' dir='ltr'>fcj]</span> <span class='ocrx_word' id='word_1_176' title='bbox 1265 2036 1358 2081; x_wconf 80' lang='lat' dir='ltr'>pirr:</span> <span class='ocrx_word' id='word_1_177' title='bbox 1398 2049 1451 2081; x_wconf 76' lang='grc' dir='ltr'>γα</span> 
     </span>
     <span class='ocr_line' id='line_1_36' title="bbox 146 2083 1496 2129; baseline 0 -12"><span class='ocrx_word' id='word_1_178' title='bbox 146 2087 165 2117; x_wconf 77' lang='lat'><strong>2</strong></span> <span class='ocrx_word' id='word_1_179' title='bbox 188 2083 287 2117; x_wconf 74' lang='grc' dir='ltr'>(0Δέ</span> <span class='ocrx_word' id='word_1_180' title='bbox 308 2097 328 2127; x_wconf 75' lang='lat' dir='ltr'><em>y</em></span> <span class='ocrx_word' id='word_1_181' title='bbox 350 2084 418 2129; x_wconf 72' lang='lat' dir='ltr'>ode</span> <span class='ocrx_word' id='word_1_182' title='bbox 438 2084 461 2126; x_wconf 86' lang='lat' dir='ltr'><em>f</em></span> <span class='ocrx_word' id='word_1_183' title='bbox 475 2083 544 2117; x_wconf 86' lang='lat' dir='ltr'>ode</span> <span class='ocrx_word' id='word_1_184' title='bbox 565 2097 588 2116; x_wconf 83' lang='grc' dir='ltr'>α</span> <span class='ocrx_word' id='word_1_185' title='bbox 664 2087 707 2118; x_wconf 88' lang='grc'>10</span> <span class='ocrx_word' id='word_1_186' title='bbox 727 2083 817 2118; x_wconf 85' lang='lat' dir='ltr'>ibici</span> <span class='ocrx_word' id='word_1_187' title='bbox 836 2083 921 2129; x_wconf 70' lang='lat' dir='ltr'>fay]</span> <span class='ocrx_word' id='word_1_188' title='bbox 943 2083 1044 2127; x_wconf 80' lang='lat' dir='ltr'>ybici</span> <span class='ocrx_word' id='word_1_189' title='bbox 1064 2097 1084 2128; x_wconf 78' lang='lat' dir='ltr'><em>y</em></span> <span class='ocrx_word' id='word_1_190' title='bbox 1105 2095 1170 2118; x_wconf 84' lang='lat' dir='ltr'>om</span> <span class='ocrx_word' id='word_1_191' title='bbox 1186 2095 1204 2118; x_wconf 84' lang='lat' dir='ltr'>c</span> <span class='ocrx_word' id='word_1_192' title='bbox 1278 2087 1318 2118; x_wconf 87' lang='lat'>11</span> <span class='ocrx_word' id='word_1_193' title='bbox 1336 2083 1451 2117; x_wconf 86' lang='lat' dir='ltr'>distet</span> <span class='ocrx_word' id='word_1_194' title='bbox 1463 2083 1496 2128; x_wconf 86' lang='lat' dir='ltr'>c]</span> 
     </span>
     <span class='ocr_line' id='line_1_37' title="bbox 146 2130 1498 2178; baseline 0 -14"><span class='ocrx_word' id='word_1_195' title='bbox 146 2131 262 2165; x_wconf 85' lang='lat' dir='ltr'>distat</span> <span class='ocrx_word' id='word_1_196' title='bbox 288 2131 338 2173; x_wconf 74' lang='lat' dir='ltr'>af</span> <span class='ocrx_word' id='word_1_197' title='bbox 362 2131 502 2165; x_wconf 88' lang='lat' dir='ltr'>distent</span> <span class='ocrx_word' id='word_1_198' title='bbox 527 2131 576 2175; x_wconf 62' lang='grc' dir='ltr'>γ]</span> <span class='ocrx_word' id='word_1_199' title='bbox 693 2135 734 2165; x_wconf 83' lang='grc'>17</span> <span class='ocrx_word' id='word_1_200' title='bbox 763 2131 862 2165; x_wconf 71' lang='grc' dir='ltr'>(ΟΔΕ</span> <span class='ocrx_word' id='word_1_201' title='bbox 889 2145 910 2176; x_wconf 83' lang='lat' dir='ltr'><em>y</em></span> <span class='ocrx_word' id='word_1_202' title='bbox 936 2131 1005 2178; x_wconf 69' lang='lat' dir='ltr'>ode</span> <span class='ocrx_word' id='word_1_203' title='bbox 1030 2131 1054 2174; x_wconf 80' lang='lat' dir='ltr'><em>f</em></span> <span class='ocrx_word' id='word_1_204' title='bbox 1073 2131 1142 2165; x_wconf 89' lang='lat' dir='ltr'>ode</span> <span class='ocrx_word' id='word_1_205' title='bbox 1169 2145 1192 2164; x_wconf 85' lang='grc' dir='ltr'><em>α</em></span> <span class='ocrx_word' id='word_1_206' title='bbox 1291 2134 1333 2165; x_wconf 89' lang='grc'>18</span> <span class='ocrx_word' id='word_1_207' title='bbox 1378 2130 1498 2164; x_wconf 85' lang='lat' dir='ltr'>archi-</span> 
     </span>
     <span class='ocr_line' id='line_1_38' title="bbox 144 2178 1498 2223; baseline 0.001 -12"><span class='ocrx_word' id='word_1_208' title='bbox 144 2178 303 2212; x_wconf 83' lang='lat' dir='ltr'>loiehius</span> <span class='ocrx_word' id='word_1_209' title='bbox 329 2192 349 2223; x_wconf 74' lang='lat' dir='ltr'><em>y</em></span> <span class='ocrx_word' id='word_1_210' title='bbox 385 2178 607 2212; x_wconf 85' lang='lat' dir='ltr'>archiloicus</span> <span class='ocrx_word' id='word_1_211' title='bbox 635 2178 686 2221; x_wconf 69' lang='lat' dir='ltr'>ay·</span> <span class='ocrx_word' id='word_1_212' title='bbox 713 2178 920 2213; x_wconf 87' lang='lat' dir='ltr'>archilocus</span> <span class='ocrx_word' id='word_1_213' title='bbox 945 2179 973 2221; x_wconf 80' lang='lat' dir='ltr'>f,</span> <span class='ocrx_word' id='word_1_214' title='bbox 999 2183 1089 2213; x_wconf 74' lang='lat' dir='ltr'>recte</span> <span class='ocrx_word' id='word_1_215' title='bbox 1114 2189 1132 2213; x_wconf 83' lang='lat' dir='ltr'>c</span> <span class='ocrx_word' id='word_1_216' title='bbox 1247 2181 1290 2212; x_wconf 89' lang='lat'>19</span> <span class='ocrx_word' id='word_1_217' title='bbox 1315 2178 1498 2222; x_wconf 88' lang='lat' dir='ltr'>pentime-</span> 
     </span>
     <span class='ocr_line' id='line_1_39' title="bbox 144 2225 1451 2270; baseline 0 -11"><span class='ocrx_word' id='word_1_218' title='bbox 144 2225 277 2260; x_wconf 87' lang='lat' dir='ltr'>merim</span> <span class='ocrx_word' id='word_1_219' title='bbox 314 2225 359 2269; x_wconf 79' lang='lat' dir='ltr'>ej</span> <span class='ocrx_word' id='word_1_220' title='bbox 402 2225 641 2270; x_wconf 87' lang='lat' dir='ltr'>pentimerim</span> <span class='ocrx_word' id='word_1_221' title='bbox 673 2239 694 2270; x_wconf 76' lang='grc' dir='ltr'><em>γ</em></span> <span class='ocrx_word' id='word_1_222' title='bbox 736 2225 997 2270; x_wconf 88' lang='lat' dir='ltr'>pentimemeri</span> <span class='ocrx_word' id='word_1_223' title='bbox 1027 2227 1051 2268; x_wconf 85' lang='lat' dir='ltr'><em>f</em></span> <span class='ocrx_word' id='word_1_224' title='bbox 1088 2225 1394 2270; x_wconf 87' lang='lat' dir='ltr'>pentimemerem</span> <span class='ocrx_word' id='word_1_225' title='bbox 1427 2239 1451 2259; x_wconf 81' lang='grc' dir='ltr'><em>α</em></span> 
     </span>
     <span class='ocr_line' id='line_1_40' title="bbox 146 2272 1499 2318; baseline -0.001 -11"><span class='ocrx_word' id='word_1_226' title='bbox 146 2276 191 2307; x_wconf 80' lang='lat'>24</span> <span class='ocrx_word' id='word_1_227' title='bbox 218 2273 317 2307; x_wconf 78' lang='grc' dir='ltr'>(0Δέ</span> <span class='ocrx_word' id='word_1_228' title='bbox 337 2287 358 2318; x_wconf 79' lang='lat' dir='ltr'><em>y</em></span> <span class='ocrx_word' id='word_1_229' title='bbox 385 2273 454 2307; x_wconf 87' lang='lat' dir='ltr'>ode</span> <span class='ocrx_word' id='word_1_230' title='bbox 481 2274 534 2315; x_wconf 74' lang='lat' dir='ltr'>af</span> <span class='ocrx_word' id='word_1_231' title='bbox 626 2276 669 2306; x_wconf 76' lang='lat'>26</span> <span class='ocrx_word' id='word_1_232' title='bbox 689 2273 864 2318; x_wconf 82' lang='lat' dir='ltr'>pheregr:</span> <span class='ocrx_word' id='word_1_233' title='bbox 889 2273 921 2318; x_wconf 83' lang='lat' dir='ltr'>c]</span> <span class='ocrx_word' id='word_1_234' title='bbox 949 2272 1086 2318; x_wconf 82' lang='lat' dir='ltr'>feregr:</span> <span class='ocrx_word' id='word_1_235' title='bbox 1115 2273 1220 2317; x_wconf 76' lang='lat' dir='ltr'>yocfj</span> <span class='ocrx_word' id='word_1_236' title='bbox 1318 2276 1361 2306; x_wconf 80' lang='lat'>27</span> <span class='ocrx_word' id='word_1_237' title='bbox 1382 2272 1499 2318; x_wconf 85' lang='lat' dir='ltr'>glico-</span> 
     </span>
     <span class='ocr_line' id='line_1_41' title="bbox 145 2320 877 2366; baseline 0 -12"><span class='ocrx_word' id='word_1_238' title='bbox 145 2320 229 2354; x_wconf 86' lang='lat' dir='ltr'>nius</span> <span class='ocrx_word' id='word_1_239' title='bbox 255 2320 341 2366; x_wconf 75' lang='lat' dir='ltr'>yfj]</span> <span class='ocrx_word' id='word_1_240' title='bbox 370 2320 576 2365; x_wconf 83' lang='lat' dir='ltr'>gliconicus</span> <span class='ocrx_word' id='word_1_241' title='bbox 602 2331 620 2355; x_wconf 81' lang='lat' dir='ltr'>e</span> <span class='ocrx_word' id='word_1_242' title='bbox 647 2320 826 2355; x_wconf 85' lang='lat' dir='ltr'>cliconius</span> <span class='ocrx_word' id='word_1_243' title='bbox 854 2334 877 2354; x_wconf 77' lang='grc' dir='ltr'>α</span> 
     </span>
    </p>
   </div>
  </div>
 </body>
</html>
