1664 2563
434 107 593 143 SCHOL.
615 78 693 144 TV
712 108 764 143 IN
790 108 900 144 HOR.
945 108 1082 144 EPOD.
1100 112 1141 143 16
1376 109 1462 151 437

234 219 375 258 Sensus
415 221 473 258 est
505 222 656 258 autem:
700 221 801 259 forte
834 222 904 258 aut
935 233 1068 259 omnes
1101 222 1171 259 aut
1201 222 1341 259 melior
1371 235 1463 272 pars

112 280 315 317 hominum
353 280 560 318 consilium
593 293 616 318 a
646 292 707 317 me
739 281 1000 329 requirentes,
1041 280 1371 329 quemadmodum
1401 282 1463 318 his

111 339 227 377 malis
270 339 430 388 possitis
473 351 620 387 carere,
666 339 761 388 quid
798 339 909 377 uobis
950 339 1145 389 agendum
1183 341 1252 388 sit,
1297 340 1463 389 accipite

113 398 338 446 consilium,
371 410 458 435 cum
490 399 623 448 potior
654 399 850 436 sententia
881 398 992 437 uobis
1024 399 1134 436 nulla
1166 400 1235 448 sit,
1268 412 1388 448 quam
1420 401 1465 436 ut

113 458 223 506 eatis,
249 469 494 506 quocumque
520 469 592 495 uos
618 457 736 507 pedes
763 458 901 506 ferent,
926 458 1038 495 uelut
1057 457 1299 496 Phoceorum
1320 459 1462 497 ciuitas
1514 464 1533 494 5

111 516 290 566 profugit
328 517 507 554 execrata
546 529 660 566 agros
693 518 811 566 atque
843 515 963 554 Lares
995 518 1164 566 patrios,
1202 518 1374 566 fanaque
1405 531 1462 555 re-

112 576 233 624 liquit
263 575 482 613 habitanda
513 577 619 625 apris
652 578 692 613 et
716 575 925 625 rapacibus
952 576 1055 626 lupis
1084 571 1463 628 (Fszi‘m.P0rph.

230 634 315 672 Hoc
353 636 499 672 etenim
535 635 674 672 relicto
712 636 844 684 patrio
877 635 959 673 solo
992 636 1033 672 in
1066 634 1238 673 Galliam
1270 637 1465 673 uenerunt

110 693 408 743 Massiliamque
451 694 606 742 urbem,
656 696 703 731 ut
745 694 891 732 lectum
935 696 1011 743 est,
1062 694 1321 732 condiderunt
1366 689 1423 747 (Γ
1433 695 1470 733 V

111 754 196 790 sim.
220 753 241 790 b
267 753 407 800 Porph.
1492 759 1535 790 10

234 807 308 850 17.
355 811 499 849 Phocei
532 813 647 860 enim,
681 824 770 849 cum
801 813 974 862 patriam
1006 814 1169 862 propter
1199 813 1330 850 hostes
1363 814 1463 862 opti-

111 883 204 908 nere
236 883 313 908 non
343 873 514 920 possent,
547 872 587 908 in
614 869 787 909 Galliam
812 872 1037 922 nauigando
1064 872 1186 910 delati
1213 874 1305 909 sunt
1329 871 1465 921 ibique

110 929 332 968 Massiliam
368 930 627 968 condiderunt
654 925 757 982 (FV

229 989 312 1026 Alii
350 989 502 1037 dicunt,
541 989 647 1037 quod
684 991 847 1039 propter
884 990 989 1028 bella
1027 991 1164 1028 ciuilia
1203 989 1252 1027 ad
1293 988 1465 1028 Galliam

110 1048 360 1098 profugerint
393 1043 521 1099 (FbV
1493 1055 1535 1086 15

232 1102 307 1146 20.
358 1107 472 1145 ssHoo
516 1108 710 1156 superiori
754 1109 809 1145 sic
852 1107 1094 1158 iungendum
1140 1110 1214 1145 est:
1259 1108 1370 1147 nulla
1414 1109 1466 1146 sit

110 1166 183 1204 hac
214 1167 346 1216 potior
378 1167 592 1214 sententia,
631 1179 766 1215 quam:
811 1168 927 1215 eatis,
967 1179 1213 1216 quocumque
1245 1179 1314 1206 uos
1346 1167 1464 1217 pedes

111 1225 244 1262 ferunt
275 1219 333 1278 (F
354 1237 398 1263 ex
422 1226 563 1272 Porple.

232 1279 307 1323 25.
337 1284 445 1322 Idest
471 1284 654 1322 debemus
680 1284 811 1322 iurare
836 1297 914 1322 non
941 1286 1031 1322 ante
1057 1285 1184 1322 redire
1211 1284 1260 1323 ad
1280 1286 1465 1334 patriam,

112 1355 234 1391 quam
273 1355 368 1382 saxa
404 1344 649 1392 natauerint,
693 1344 828 1382 leuata
865 1343 912 1381 de
949 1345 1039 1382 imis
1078 1343 1210 1393 uadis,
1248 1345 1317 1381 aut
1356 1345 1462 1382 ante·
1491 1350 1535 1381 20

112 1415 230 1451 quam
268 1414 328 1440 res
366 1402 616 1452 inpossibiles
653 1402 782 1440 factae
821 1404 910 1441 sint.
973 1403 1032 1440 Ex
1070 1403 1368 1453 inpossibilibus
1405 1416 1465 1440 re-

111 1462 333 1499 uersionem
364 1462 479 1510 ponit
510 1461 658 1499 dicens:
692 1474 780 1499 cum
812 1474 907 1500 saxa
931 1463 1011 1500 imo
1037 1462 1158 1500 fundo
1184 1462 1305 1501 maris
1330 1463 1466 1500 leuata

111 1521 277 1568 fuerint,
318 1523 412 1558 tunc
450 1520 667 1558 redeamus.
730 1521 806 1558 Per
843 1521 948 1570 quod
986 1522 1234 1572 intellegitur
1271 1535 1349 1560 non
1380 1522 1464 1559 red-

112 1579 282 1617 eundum
314 1579 531 1618 decreuisse
563 1579 781 1618 Phocenses
815 1574 944 1632 (PbV

232 1645 307 1689 28.
359 1650 414 1688 Vt
444 1651 513 1688 ille
546 1645 682 1703 (Very.
709 1651 772 1689 ecl.
802 1653 838 1698 1,
866 1646 958 1703 59):
1491 1645 1534 1677 25

289 1732 393 1770 Ante
427 1734 532 1771 leues
565 1746 658 1783 ergo
691 1735 904 1782 pascentur
934 1734 976 1770 in
1010 1733 1165 1771 aethere
1198 1735 1315 1771 cerui.

233 1977 250 2007 1
279 1974 335 2007 est
362 1975 487 2007 autem
513 1974 594 2019 yV]
622 1975 747 2008 autem
774 1974 830 2008 est
856 1975 903 2009 rb
1026 1978 1044 2008 2
1071 1974 1129 2009 his
1156 1975 1265 2009 malis
1292 1975 1328 2021 y]
1355 1975 1465 2009 malis

111 2020 169 2054 his
196 2021 243 2056 rb
268 2020 327 2054 his
343 2021 378 2055 V
469 2023 489 2053 8
517 2021 655 2054 etenim
678 2021 712 2066 r]
739 2022 795 2055 est
822 2021 921 2055 enim
940 2022 1011 2065 yV,
1033 2023 1123 2057 absc.
1146 2023 1165 2057 b
1265 2026 1306 2057 11
1327 2022 1465 2057 Phocei

113 2089 157 2092 —
185 2067 447 2113 condiderunt]
479 2067 662 2102 Phocidos
701 2069 827 2102 autem
866 2068 1009 2115 ciuitas}
1039 2069 1177 2116 <est‘?>
1229 2080 1341 2113 quam
1373 2069 1464 2114 pho-

113 2126 239 2150 censes
276 2114 519 2158 reliquerunt‚
559 2126 642 2149 cum
679 2115 744 2159 inp
783 2115 816 2162 g}
857 2115 1203 2162 (inpugnarentur?)
1255 2117 1300 2151 ab
1337 2116 1465 2161 arpalo

110 2170 209 2207 regis
249 2162 327 2207 cyri
364 2162 498 2206 pfecto.
550 2161 614 2196 Hii
652 2161 729 2208 relil
765 2162 884 2209 <ct0>
933 2164 1056 2207 patrio
1095 2163 1173 2198 solo
1210 2164 1364 2208 nauigio
1402 2174 1465 2197 ue-

112 2209 257 2244 nientes
294 2209 342 2243 ad
367 2221 392 2253 p
437 2209 721 2253 (prouinciamP)
772 2209 896 2254 gallie.
947 2210 1002 2245 ibi
1034 2211 1240 2246 massiliam
1273 2210 1466 2244 ciuitatem

114 2256 280 2302 condidel
308 2255 450 2302 (runt)
470 2257 490 2291 b
635 2256 804 2300 optinere
815 2258 864 2302 V]
885 2257 1054 2293 obtinere
1074 2261 1109 2292 Γ
1251 2262 1294 2292 14
1313 2259 1466 2301 propter

116 2304 211 2349 FV]
231 2305 317 2347 post
337 2305 356 2338 b
456 2306 499 2336 20
520 2303 586 2337 aut
596 2303 645 2348 V]
665 2305 708 2337 ut
727 2317 748 2347 γ
775 2304 804 2337 8ι
825 2305 844 2339 b
865 2315 932 2339 om.
952 2317 972 2340 r
1069 2309 1113 2339 24
1133 2305 1338 2349 phocenses
1357 2305 1404 2339 rb
1415 2304 1465 2350 V]

114 2349 280 2385 focenses
307 2364 328 2395 y
427 2354 470 2385 25
497 2349 562 2384 ille
588 2351 684 2396 PV]
710 2361 813 2385 maro
840 2352 860 2386 b
