1664 2563
561 679 994 732 PRAEFATIO

230 871 424 917 Quoniam
480 872 571 909 ante
626 871 697 908 hos
748 871 1013 921 quadraginta
1064 883 1186 908 annos
1236 870 1459 908 Horatiana

109 932 259 970 scholia
297 932 409 969 edere
447 930 559 968 nobis
597 931 891 979 proposuimus,
929 930 1035 967 haud
1073 943 1165 968 sane
1204 930 1331 967 defuit
1361 931 1457 967 tem·

105 993 214 1041 poris
246 992 432 1040 spatium,
464 991 559 1038 quin
592 991 688 1028 satis
721 989 897 1038 amplum
930 991 969 1027 et
995 991 1224 1027 accuratum
1251 1002 1459 1040 congerere

105 1063 307 1100 possemus
346 1051 594 1099 apparatum.
650 1049 732 1086 Nec
770 1050 875 1087 solus
909 1049 1090 1098 equidem
1122 1050 1325 1099 negotium
1357 1049 1459 1086 illud

106 1123 370 1159 susceperam,
409 1109 476 1148 sed
507 1108 728 1146 adiuuabar
759 1109 953 1146 carissimi
985 1109 1103 1146 amici
1135 1121 1271 1157 opera,
1303 1108 1459 1146 Alfredi

105 1170 282 1217 Holderi,
315 1170 423 1207 cuius
457 1168 688 1206 collationes
721 1169 897 1205 omnium
930 1168 1246 1218 diligentissimis
1273 1168 1459 1205 adnume-

105 1229 248 1267 randas
281 1241 362 1267 esse
394 1229 461 1265 uix
492 1229 703 1277 quisquam
734 1228 951 1277 negauerit.

223 1288 364 1337 Itaque
407 1288 450 1324 in
490 1286 761 1324 Pseudacrone
805 1287 931 1324 multo
976 1286 1157 1324 uberiore
1204 1299 1248 1324 ac
1293 1287 1459 1324 certiore

106 1349 167 1385 uti
203 1348 303 1384 mihi
338 1347 454 1384 licuit
491 1347 693 1383 uariarum
731 1346 947 1384 lectionum
985 1346 1184 1396 congerie,
1223 1358 1344 1394 quam
1381 1347 1460 1384 ista

107 1407 249 1454 fuerat,
282 1419 360 1455 qua
392 1407 559 1454 utraque
590 1406 761 1454 proximi
790 1406 937 1443 saeculi
963 1406 1085 1443 editio
1111 1405 1326 1453 nitebatur,
1357 1404 1460 1442 Pau-

107 1466 268 1515 lyanam
313 1465 399 1503 dico
446 1460 624 1517 (Scholia
662 1464 884 1502 Horatiana
929 1478 1029 1514 quae
1074 1465 1256 1502 feruntur
1292 1464 1459 1502 Acronis

107 1527 146 1563 et
170 1525 470 1574 Porphyrionis,
503 1524 624 1562 editio
658 1537 758 1573 quae
791 1524 995 1562 dicebatur
1027 1524 1154 1561 altera
1179 1523 1295 1574 Prag.
1326 1519 1458 1575 1861)

107 1586 147 1622 et
188 1584 501 1622 Hauthalianam
549 1578 734 1635 (Acronis
779 1585 819 1621 et
855 1583 1140 1632 Porphyrionis
1187 1584 1462 1621 commentarii

106 1645 149 1681 in
192 1642 235 1688 Q.
268 1643 482 1681 Horatium
525 1643 728 1691 Flaccum,
773 1643 830 1680 ed.
873 1643 1001 1680 Berol.
1044 1637 1187 1695 1864).
1263 1642 1461 1691 Paulyum

108 1704 213 1740 enim
256 1716 390 1741 omnes
434 1703 561 1740 nostri
605 1702 756 1740 codices
800 1702 1005 1739 latuerunt
1047 1704 1205 1751 praeter
1249 1701 1461 1739 admodum

107 1764 304 1800 recentem
348 1764 388 1799 et
430 1761 667 1799 mediocrem
710 1761 855 1798 librum
895 1773 929 1808 c,
973 1761 1215 1799 Hauthalius
1255 1763 1300 1798 ut
1336 1761 1459 1799 bonos

109 1822 267 1870 quidem
299 1822 454 1870 aliquot
485 1821 636 1859 codices
665 1822 779 1858 nouit
803 1820 1017 1868 Parisinos,
1049 1822 1108 1858 ita
1134 1822 1173 1858 et
1199 1821 1299 1858 alios
1325 1821 1462 1871 magni

108 1882 299 1919 momenti
329 1880 450 1918 libros
482 1882 527 1917 ut
558 1880 671 1918 erb
702 1893 862 1929 prorsus
894 1880 1069 1930 neglexit
1095 1881 1134 1917 et
1159 1893 1235 1926 eos,
1269 1892 1365 1928 quos
1393 1879 1460 1917 ad—

107 1940 249 1988 hibuit,
274 1942 437 1989 propter
461 1941 656 1977 incuriam
682 1952 794 1977 suam
821 1952 908 1977 cum
933 1939 1286 1976 innumerabilibus
1307 1939 1458 1977 mendis

109 2000 243 2047 edidit,
275 2000 459 2048 locosque
491 2001 696 2047 corruptos
728 2011 852 2048 paene
885 2011 1018 2037 omnes
1051 2000 1121 2036 aut
1152 2011 1230 2035 non
1262 1999 1460 2035 intellexit

109 2060 179 2096 aut
209 2060 382 2108 ineptius
414 2059 616 2096 tractauit.

225 2118 307 2156 Nos
352 2131 423 2167 pro
468 2118 619 2167 optimo
664 2117 922 2155 fundamento
963 2116 1173 2155 habuimus
1213 2117 1386 2154 codicem
1423 2115 1462 2153 A

111 2206 165 2218 =
193 2189 275 2227 cod.
301 2188 440 2226 Horat.
466 2188 692 2226 Parisinum
740 2189 852 2226 7900
891 2187 930 2224 A
971 2201 1068 2226 saec.
1102 2188 1154 2236 X,
1205 2201 1372 2236 eumque
1416 2190 1461 2224 ut

107 2248 166 2285 ita
199 2248 327 2286 dicam
357 2249 488 2285 totum
519 2248 629 2297 prelo
661 2247 899 2285 tradidimus
932 2248 1211 2295 excudendum,
1246 2249 1304 2284 ita
1336 2248 1382 2284 ut
1413 2259 1460 2284 ne

109 2307 321 2345 falsissima
367 2307 525 2356 quidem
570 2308 782 2355 scriptura,
827 2308 904 2345 nisi
941 2306 1127 2344 librarius
1166 2308 1249 2356 ipse
1287 2318 1459 2345 errorem
