1664 2563
71 217 95 264 <

82 277 95 322 [

114 217 138 264 >

122 277 135 322 ]

114 339 137 413 3}

457 109 702 145 SIGLORVM
728 109 1032 145 CONSPECTVS
1336 111 1420 145 XIII

224 228 319 261 quae
346 217 476 251 addita
502 219 588 251 sunt
614 217 660 251 ab
687 217 840 252 editore.

222 287 316 320 quae
342 276 569 321 interpolata
594 276 780 311 uidentur.

221 336 323 370 locus
350 335 514 370 nondum
541 337 704 370 sanatus.

155 413 197 424 =
220 396 437 430 asteriscum
473 395 776 441 praeponendum
816 396 992 430 curabam
1024 396 1069 429 iis
1103 395 1271 437 scholiis
1311 406 1417 438 quae,
1438 385 1442 388 ⁵

219 454 446 488 quamquam
477 454 544 478 nec
576 443 616 477 in
642 444 677 478 A
703 454 771 477 nec
796 443 834 477 in
870 444 904 477 1
923 443 1065 477 tradita
1091 444 1193 484 sun'o,
1226 444 1353 477 tamen
1379 443 1417 477 in

218 490 316 525 hunc
342 491 478 525 librum
502 491 643 535 recepi:
680 491 779 535 quod
805 490 957 535 quidem
983 491 1131 535 signum
1157 471 1301 544 aliquot
1326 490 1418 524 locis

219 549 262 573 ex
288 549 517 583 superuacuo
544 538 716 572 additum
741 549 820 572 esse
845 538 962 583 piget),
989 538 1133 572 scilicet
1158 538 1196 572 in
1221 538 1418 582 principiis

221 586 427 620 carminum
459 588 546 620 ante
577 597 706 620 uocem
732 585 943 620 METRVM
968 588 1009 630 p.'
1026 589 1198 620 86—112.
1251 585 1322 620 Sed
1348 585 1419 620 hac

218 644 257 668 re
282 634 469 668 neminem
494 634 576 668 falli
603 645 820 678 persuasum
845 633 938 667 mihi
963 633 1093 668 habeo.

221 693 260 726 in
293 693 523 727 sermonibus
556 694 594 727 et
625 694 704 727 arte
735 693 883 737 poefflca
914 692 1156 737 praeponitur
1187 693 1233 726 iis
1267 692 1418 726 scholiis

219 751 315 785 quae
342 741 579 775 continentur
604 754 625 775 ν
641 740 714 784 (uel
735 739 795 784 1⁷²)
812 741 860 775 Vc
868 744 892 781 ζ.
945 740 1024 774 Hac
1049 740 1263 774 recensione
1289 740 1328 773 in
1353 751 1418 773 uo-

218 787 359 822 lumine
384 788 417 821 H
442 788 583 822 nullam
610 788 820 822 inuenimus
847 788 1100 822 uetustiorem.
1148 787 1207 820 Ad
1233 787 1418 821 Theotisti

218 836 454 880 grammatici
480 836 706 880 discipulum
731 836 918 880 quendam
939 835 1196 878 Priscianique
1223 835 1418 879 aequalem

217 882 450 917 referendam
476 894 558 917 eam
579 894 658 917 esse
679 888 727 917 ex'
742 883 854 916 schol.
877 894 982 917 serm.
1005 883 1020 916 Ι
1041 886 1072 924 5,
1094 886 1136 916 97
1159 883 1415 927 comperimus.

219 930 338 965 Schol.
363 929 521 972 F'chg
545 941 650 965 serm.
671 930 687 964 Ι
707 935 739 973 5,
761 934 821 964 97:
860 930 948 964 Bari
979 930 1142 975 moenia]
1186 929 1328 963 Ciuitas
1361 932 1418 964 est

218 988 314 1021 quae
339 978 490 1012 Atbaris
523 978 676 1021 dicitur,
708 979 751 1012 ut
777 977 873 1012 dixit
897 978 1164 1023 grammaticus
1191 977 1416 1012 Theotistus.

217 1025 394 1060 Priscian.
416 1025 535 1060 XVIH
555 1030 586 1067 5,
609 1030 651 1060 56
677 1038 713 1070 p.
736 1029 801 1059 231
817 1025 879 1059 H.:
913 1025 1024 1060 Teste
1050 1025 1326 1070 sapientissimo
1354 1025 1416 1059 do-

217 1073 318 1107 mino
356 1074 394 1108 et
431 1073 580 1108 doctore
615 1084 697 1108 meo
729 1073 939 1115 Theotisto‚
979 1073 1078 1118 quod
1109 1073 1148 1107 in
1180 1073 1417 1107 institutione

219 1121 309 1155 artis
353 1121 620 1166 gramaticae
659 1121 777 1155 docet
849 1120 900 1155 Cf
947 1121 1062 1155 etiam
1101 1120 1213 1154 schol
1249 1124 1267 1163 ξ
1308 1131 1413 1154 serm.

217 1169 234 1202 Ι
254 1172 285 1211 9,
307 1171 367 1202 76:
399 1168 458 1203 Sic
479 1169 627 1204 Seruius
649 1169 828 1222 magister
848 1169 1028 1213 exposuit.
1075 1168 1171 1213 Ergo
1193 1168 1417 1202 scholiorum

218 1232 237 1270 ἓ
265 1230 453 1263 auctorem
479 1228 625 1263 saeculo
652 1229 685 1263 V
689 1221 784 1262 —VI
809 1228 948 1262 uixisse
975 1228 1145 1262 efficitur.

155 1328 308 1379 Pragae
339 1329 464 1367 Nonis
496 1329 597 1367 Mais
634 1330 756 1367 1902.

1053 1390 1100 1425 Ο.
1133 1390 1296 1425 Keller.
