1664 2563
669 59 833 95 EXPOS.
855 59 1001 95 METR.
1490 61 1512 101 7

375 172 470 217 Quis
501 173 630 210 multa
661 173 822 222 gracilis
853 175 893 210 te
925 186 1022 222 puer
1053 174 1095 210 in
1128 185 1218 211 rosa

375 231 407 271 O
440 234 554 270 nauis
585 232 758 270 referent
787 234 829 269 in
860 245 968 270 mare
1000 235 1040 270 te
1075 234 1170 270 noui

370 293 546 331 Dianam
576 294 733 330 tenerae
766 292 885 330 dicite
917 293 1092 342 uirgines

373 351 489 389 Vitas
521 352 654 390 inuleo
686 362 749 389 me
782 352 924 390 similis
958 351 1077 390 Chloe

375 410 479 455 Quid
509 411 577 449 fles
609 411 765 449 Asterie
799 425 915 460 quem
946 412 1022 449 tibi
1054 411 1212 449 candidi
1567 420 1585 448 ,3

374 470 406 509 Ο
438 471 525 509 fons
557 470 782 509 Bandusiae
815 471 1058 520 splendidior
1089 473 1193 509 uitro

372 530 571 582 Audiuere
603 529 695 568 Lice
728 531 768 568 di
798 544 886 569 mea
918 533 1012 569 uota
1045 531 1095 568 di.

279 636 399 676 Sexta
443 632 525 692 ᾠδή
570 637 717 676 dicolos
762 640 821 676 est
863 638 1164 687 tetrastrophos.
1244 638 1369 675 Primi
1412 639 1516 675 enim

157 703 298 735 'uersus
335 699 415 735 tres
452 697 705 746 Asclepiadei
743 700 852 746 sunt,
891 700 1056 747 quartus
1089 696 1311 746 Gliconius‚
1350 711 1516 747 quorum

158 758 240 794 iam
283 758 544 794 meminimus.
626 756 807 806 Vsusque
852 759 911 795 est
953 758 1028 795 hac
1070 758 1188 795 metri
1232 759 1516 806 compositione
1545 764 1587 794 10

159 818 317 854 tantum
348 818 497 864 nonies,
528 818 604 854 ita:

324 942 327 944 .
375 911 564 949 Scriberis
596 910 719 949 Vario
752 911 866 949 fortis
899 913 938 949 et
968 912 1143 949 hostium

374 971 515 1009 Pastor
547 983 636 1008 cum
667 971 844 1009 traheret
874 984 944 1020 per
975 971 1078 1009 freta
1109 971 1278 1009 nauibus

375 1030 469 1076 Quis
503 1031 695 1068 desiderio
729 1032 782 1068 sit
812 1031 939 1080 pudor
972 1033 1042 1069 aut
1072 1031 1213 1069 modus

373 1090 468 1128 Albi
498 1103 546 1128 ne
579 1090 712 1129 doleas
744 1090 834 1139 plus
865 1092 989 1128 nimio
1021 1104 1171 1129 memor
1547 1100 1588 1128 15

374 1150 487 1188 Nolis
520 1151 640 1200 longa
670 1150 777 1188 ferae
809 1151 915 1188 bella
946 1151 1189 1188 Numantiae

373 1210 604 1247 Extremum
637 1210 791 1248 Tanain
824 1212 858 1247 si
888 1210 1041 1248 biberes
1073 1209 1165 1248 Lice

373 1267 601 1319 <Inclusam
632 1270 798 1307 Danaen
829 1271 950 1308 turris
984 1267 1134 1320 aenea>

374 1329 489 1367 Diuis
523 1331 606 1367 orte
637 1329 750 1367 bonis
783 1331 943 1378 optume
975 1330 1142 1368 Romule

375 1388 461 1426 Iam
492 1390 596 1427 ueris
630 1390 791 1426 comites
825 1402 925 1438 quae
957 1402 1065 1427 mare
1098 1392 1331 1438 temperant.
1545 1398 1590 1427 20

281 1495 458 1545 Septima
509 1491 592 1550 ᾠδή
643 1496 791 1534 dicolos
838 1499 897 1534 est
940 1497 1175 1546 distrophos.
1262 1497 1367 1535 Nam
1410 1499 1519 1547 prior

159 1568 296 1594 uersus
334 1556 512 1594 heroicus
552 1558 628 1604 est,
668 1557 737 1606 qui
775 1569 840 1594 sex
872 1557 1057 1606 pedibus,
1096 1557 1242 1595 dactilo
1276 1559 1315 1595 et
1346 1557 1518 1607 spondeo

158 1615 445 1664 indifferenter,
497 1618 661 1654 constat.
745 1615 918 1665 Sequens
970 1630 1016 1654 ex
1065 1617 1292 1666 tetrapodia
1336 1613 1517 1668 [ultima]

161 1678 318 1714 constat
366 1676 534 1714 heroica.
610 1675 748 1713 Vtitur
792 1677 866 1714 hae
911 1678 1195 1725 compositione
1239 1678 1397 1714 tantum
1441 1679 1517 1714 ter-

159 1736 229 1784 tio,
260 1736 336 1773 ita:
1545 1743 1588 1773 25

374 1794 613 1832 Laudabunt
634 1795 704 1833 alii
724 1795 873 1833 claram
892 1795 1057 1833 Rhodon
1079 1797 1149 1833 aut
1167 1795 1387 1833 Mitilenem

376 1855 430 1892 Te
450 1856 571 1892 maris
593 1857 631 1892 et
650 1857 779 1892 terrae
800 1868 1040 1904 numeroque
1062 1856 1232 1893 carentis
1251 1855 1421 1893 harenae

376 1913 479 1958 Quid
498 1915 573 1952 tibi
592 1916 653 1952 uis
672 1915 816 1952 mulier
834 1916 960 1965 nigris
982 1915 1215 1964 dignissima
1234 1914 1372 1953 barris.

283 2092 300 2121 1
333 2087 418 2132 quis
451 2099 500 2122 occ
531 2087 696 2134 Seruius]
732 2088 796 2132 qui
829 2088 902 2132 yf'j
1047 2091 1068 2121 4
1099 2088 1199 2122 uitas
1225 2088 1260 2134 y]
1294 2088 1393 2122 uitat
1419 2089 1519 2132 αἵθ]

161 2134 314 2170 Seruius
435 2139 455 2170 8
483 2136 583 2169 ωΔΕ
611 2136 662 2180 ys
682 2135 752 2170 ode
778 2149 802 2169 cc
912 2139 931 2169 9
959 2135 1144 2181 gliconius
1170 2136 1240 2182 yf]
1269 2136 1475 2181 gliconicus
1501 2147 1520 2170 e

163 2182 343 2217 cliconius
365 2183 413 2227 αρ’
512 2187 554 2217 18
575 2183 761 2218 inclusam
781 2205 825 2208 —
846 2194 962 2218 aenea
979 2195 1044 2218 om.
1060 2184 1161 2218 codd.
1250 2187 1293 2218 19
1315 2186 1467 2228 optume
1481 2184 1516 2229 y]

162 2230 303 2274 optime
330 2244 353 2264 α
380 2230 521 2277 optime
545 2231 569 2274 f
709 2235 751 2265 21
781 2232 881 2265 (DAC
902 2232 954 2276 ys
973 2231 1043 2266 ode
1069 2245 1093 2265 oc
1239 2235 1283 2265 24
1309 2231 1459 2266 heroica
1484 2232 1515 2276 c]

162 2277 311 2312 heroico
338 2292 362 2312 α
387 2278 528 2313 heroici
553 2279 603 2324 γᾷ
627 2278 786 2313 heroicis
811 2280 835 2322 f
926 2279 1037 2313 tertio
1058 2297 1102 2308 =
1122 2281 1180 2313 ter
1289 2283 1332 2313 26
1358 2279 1515 2324 rhodon]

162 2325 280 2360 rodon
307 2327 360 2369 af
379 2326 530 2371 ypodon
556 2341 576 2372 y
604 2326 739 2361 chrode
758 2327 780 2370 j
806 2337 872 2362 om.
894 2338 912 2362 c
