1664 2563
134 751 176 782 10

134 1047 176 1077 15

205 98 260 139 58
647 98 897 133 EXPOSITIO
924 99 976 133 IN
1001 99 1111 134 HOR.

325 205 526 248 33—36.
559 206 790 261 [Romulum
819 213 909 259 post
933 212 1002 249 hos
1030 206 1142 264 (ep)]
1176 210 1280 250 Ordo
1307 214 1381 250 est:
1414 212 1550 251 dubito

205 282 255 307 an
286 270 394 318 prius
426 282 637 307 memorem
663 273 752 319 post
776 270 846 308 hos
872 271 1083 308 Romulum
1110 284 1158 308 an
1185 272 1362 320 quietum
1386 285 1551 322 regnum

204 328 389 378 Pompilii
434 341 483 365 an
526 329 711 377 superbos
756 330 879 367 fasces
924 330 1114 379 Tarquini
1159 343 1209 367 an
1251 330 1383 368 nobile
1425 331 1550 368 letum

206 387 366 426 Catonis
400 383 473 440 (cp
493 400 564 425 om.
584 385 700 438 AF‘]

325 442 401 486 33.
436 442 512 485 34.
564 446 778 491 ssQuietum
821 447 1008 496 Pompilii
1050 461 1214 498 regnum
1258 443 1346 501 (p)]
1402 449 1549 499 Magna

204 503 346 557 [enim]
379 519 455 555 pax
486 507 563 544 fuit
596 507 676 544 eius
709 507 950 556 temporibus
983 501 1130 559 (Facp

322 565 546 614 ³³⁴Superbos
578 567 701 603 fasces
735 560 847 618 (611)]
891 566 973 603 Aut
1004 566 1153 605 nobiles
1186 562 1252 620 (cf.
1272 562 1432 619 Povph.)
1478 569 1548 604 aut

203 638 340 663 reuera
372 625 558 674 superbos
592 620 650 677 (Γ
652 622 725 662 'ac
731 638 762 672 1)

324 679 399 723 35.
444 696 648 722 svpmzssos
687 696 879 726 TARQVINI
916 681 1086 735 FAscsss]
1143 684 1204 721 Ad
1242 685 1315 723 hoc
1352 685 1548 724 Romanos

205 744 319 781 (luces
353 746 391 781 et
420 744 570 781 nobiles
602 743 886 792 praetereundo
919 746 1215 791 commemorat,
1246 746 1292 781 ut
1322 743 1548 794 Augustum

205 804 354 840 cunctis
395 803 603 851 praeferat.
672 803 774 839 Nam
813 803 1001 840 Romulus
1040 803 1145 840 urbis
1184 803 1332 841 Romae
1370 803 1550 841 conditor

205 864 281 909 est,
318 862 449 899 Numa
481 862 699 911 Pompilius
733 875 755 899 a
788 861 953 899 Curibus
987 861 1142 900 Sabinis
1182 862 1231 900 ad
1261 875 1425 912 regnum
1458 875 1547 901 euo-

204 924 313 959 catus
351 933 551 959 sacrorum
588 922 781 959 inuentor.
845 921 1082 970 Tarquinius
1115 933 1269 970 quoque
1300 934 1367 959 rex
1398 922 1548 960 uirtute

203 993 385 1031 magnus3
429 980 497 1018 sed
538 981 602 1017 hic
646 980 822 1018 Priscum
865 981 1013 1028 posuit,
1058 993 1135 1018 non
1172 980 1412 1029 Superbum,
1454 994 1548 1018 nam

204 1036 411 1088 ‘superbos
450 1036 596 1077 fasces'
633 1040 782 1077 nobiles
821 1039 929 1077 dixit.
994 1039 1091 1077 Cato
1123 1039 1216 1076 dum
1247 1043 1401 1078 mortuo
1433 1040 1546 1078 Pom-

202 1100 290 1148 peio
324 1099 428 1148 apud
460 1099 618 1136 Vticam
650 1099 904 1146 obsideretur,
937 1111 1067 1136 amore
1099 1099 1293 1136 libertatis
1325 1113 1445 1137 manu
1476 1111 1548 1137 sua

204 1171 286 1196 sese
318 1159 495 1207 peremit,
528 1158 629 1195 unde
662 1161 700 1195 et
719 1158 914 1195 Vticensis
947 1161 1109 1196 uocatus
1140 1160 1206 1196 est.
1258 1158 1432 1208 Regulus
1458 1171 1548 1196 cum

202 1218 320 1255 Afros
352 1218 529 1265 uicisset,
571 1217 619 1254 ab
652 1217 801 1254 hisdem
834 1230 921 1254 cum
953 1218 1088 1266 paucis
1122 1209 1258 1266 captus
1292 1220 1360 1255 est.
1423 1216 1546 1261 Quem

181 1277 297 1313 'dum
318 1275 659 1327 Carthaginienses
680 1276 845 1314 Romam
870 1289 940 1325 pro
968 1278 1273 1314 commutatione
1299 1277 1547 1326 captiuorum

203 1337 418 1383 misissent,
457 1336 750 1384 adquiescentes
789 1336 985 1373 Romanos
1025 1348 1093 1373 suo
1132 1336 1294 1373 consilio
1331 1336 1546 1374 reuocauit.

203 1395 317 1432 Hunc
355 1395 492 1442 Poeni,
537 1395 629 1431 dum
673 1395 909 1432 sacramenti
953 1407 1101 1432 memor
1142 1396 1386 1443 reuertisset,
1430 1395 1545 1432 sectis

203 1454 402 1502 palpebris
440 1454 589 1504 uigiliis
621 1457 871 1491 necauerunt.
934 1453 1078 1491 Paulus
1113 1457 1150 1491 et
1183 1454 1387 1491 Terentius
1418 1454 1545 1492 Varro

204 1514 380 1551 consules
415 1513 621 1551 aduersum
647 1513 909 1550 Hannibalem
942 1514 1051 1550 missi
1077 1515 1177 1550 suut.
1227 1513 1297 1549 Hii
1324 1515 1420 1562 aput
1446 1512 1543 1551 Can-

203 1584 273 1610 nas
311 1573 481 1621 Apuliae
525 1573 655 1609 uicum
698 1584 785 1609 cum
823 1571 963 1621 grandi
1001 1573 1190 1609 exercitus
1228 1572 1396 1609 Romani
1434 1572 1545 1609 clade

132 1642 142 1653 ⁴
161 1639 173 1645 ⁹
205 1633 380 1680 superati
418 1633 518 1669 sunt.
582 1631 726 1668 Paulus
764 1634 1023 1679 posteaquam
1055 1633 1209 1669 tantam
1240 1631 1339 1669 uitio
1372 1631 1545 1681 collegae

204 1703 363 1728 suorum
412 1691 513 1727 uidit
564 1692 753 1740 stragem,
803 1702 843 1727 se
891 1690 1161 1738 perimendum
1203 1690 1381 1727 hostibus
1425 1690 1544 1728 dedit.

202 1750 406 1787 Fabricius
433 1761 587 1798 quoque
613 1750 765 1799 magnis
791 1749 976 1797 praemiis
1005 1761 1026 1786 a
1051 1762 1142 1799 rege
1167 1749 1290 1797 Pyrro
1315 1751 1544 1798 temptatus,

204 1809 296 1845 dum
333 1810 450 1845 nimis
487 1821 638 1857 pauper
669 1820 784 1846 censu
818 1810 934 1855 esset,
974 1809 1171 1857 corrumpi
1202 1820 1280 1846 non
1311 1809 1458 1857 potuit3
1496 1808 1544 1846 de

203 1880 279 1915 quo
311 1867 492 1905 Lucanus
525 1862 605 1918 (HI
634 1862 754 1918 160):

380 1949 464 1993 Quo
496 1953 535 1987 te
567 1950 769 1987 Fabricius
800 1951 883 1999 regi
914 1962 992 1987 non
1023 1949 1201 1987 uendidit
1233 1948 1354 1987 auro‘?

322 2111 341 2141 6
369 2108 480 2153 enim]
509 2120 573 2143 om.
595 2111 657 2143 Γα
762 2112 804 2142 14
831 2110 886 2142 set
912 2122 932 2152 y
1036 2112 1078 2142 18
1105 2108 1249 2142 hisdem
1274 2108 1349 2153 Ar]
1377 2107 1496 2142 isdem
1520 2121 1542 2153 y

203 2155 343 2190 eisdem
369 2167 474 2199 ovcp
499 2155 555 2188 his
583 2156 631 2188 ds·
645 2170 668 2189 α
744 2159 786 2189 19
808 2155 1123 2199 carthaginienses
1142 2156 1192 2200 A]
1215 2154 1503 2200 cartaginienses
1523 2167 1544 2190 r

202 2202 499 2246 kartaginienses
515 2215 533 2236 ο
559 2202 841 2247 kartaginenses
856 2216 876 2236 ν
903 2202 1177 2246 cartaginenses
1191 2213 1302 2247 yacp
1377 2205 1420 2235 22
1435 2202 1541 2246 phal-

202 2249 353 2294 phebris
378 2251 414 2284 A
509 2249 666 2294 uigiliis]
694 2250 811 2294 uirgil
836 2250 872 2284 A
969 2253 1013 2282 23
1040 2249 1169 2283 annib:
1197 2263 1221 2282 α
1317 2248 1371 2282 hii
1396 2249 1474 2294 Ay]
1502 2249 1543 2283 hi

202 2308 335 2332 ναονο
360 2297 386 2330 11
396 2308 424 2340 p
497 2298 588 2340 aput
602 2297 650 2341 A]
674 2298 774 2340 apud
793 2301 867 2331 cett.
948 2300 991 2330 25
1013 2296 1154 2340 college
1167 2297 1202 2330 A
1282 2299 1324 2328 27
1345 2295 1444 2340 pirro
1458 2297 1494 2331 A

204 2347 247 2378 28
275 2344 320 2378 de
341 2365 383 2369 —
406 2355 493 2378 auro
515 2355 579 2378 om.
602 2357 620 2378 ο
719 2347 762 2377 30
788 2344 866 2387 regi
893 2344 979 2389 non]
1007 2343 1135 2388 regino
1162 2344 1196 2377 A
1222 2343 1324 2387 regio
1350 2357 1374 2376 α
