<?xml version="1.0" encoding="UTF-8"?>
<!DOCTYPE html PUBLIC "-//W3C//DTD XHTML 1.0 Transitional//EN"
    "http://www.w3.org/TR/xhtml1/DTD/xhtml1-transitional.dtd">
<html xmlns="http://www.w3.org/1999/xhtml" xml:lang="en" lang="en">
 <head>
  <title>
</title>
<meta http-equiv="Content-Type" content="text/html;charset=utf-8" />
  <meta name='ocr-system' content='tesseract 3.04.00' />
  <meta name='ocr-capabilities' content='ocr_page ocr_carea ocr_par ocr_line ocrx_word'/>
</head>
<body>
  <div class='ocr_page' id='page_1' title='image "./pseudacronisscho01kelluoft_0226.png"; bbox 0 0 1664 2563; ppageno 0'>
   <div class='ocr_carea' id='block_1_1' title="bbox 186 90 1098 133">
    <p class='ocr_par' dir='ltr' id='par_1_1' title="bbox 186 90 1098 133">
     <span class='ocr_line' id='line_1_1' title="bbox 186 90 1098 133; baseline -0.008 0"><span class='ocrx_word' id='word_1_1' title='bbox 186 91 272 133; x_wconf 73' lang='grc'>206</span> <span class='ocrx_word' id='word_1_2' title='bbox 631 90 883 125; x_wconf 85' lang='lat' dir='ltr'>EXPOSITIO</span> <span class='ocrx_word' id='word_1_3' title='bbox 909 90 961 125; x_wconf 90' lang='lat' dir='ltr'>IN</span> <span class='ocrx_word' id='word_1_4' title='bbox 986 90 1098 126; x_wconf 85' lang='lat' dir='ltr'><strong>HOR.</strong></span> 
     </span>
    </p>
   </div>
   <div class='ocr_carea' id='block_1_2' title="bbox 187 199 1538 316">
    <p class='ocr_par' dir='ltr' id='par_1_2' title="bbox 187 199 1538 316">
     <span class='ocr_line' id='line_1_2' title="bbox 305 199 1538 258; baseline 0.001 -17"><span class='ocrx_word' id='word_1_5' title='bbox 305 204 359 241; x_wconf 82' lang='lat' dir='ltr'>Hi</span> <span class='ocrx_word' id='word_1_6' title='bbox 391 205 497 242; x_wconf 81' lang='lat' dir='ltr'>ultra</span> <span class='ocrx_word' id='word_1_7' title='bbox 524 204 733 253; x_wconf 80' lang='lat' dir='ltr'>Aquilonis</span> <span class='ocrx_word' id='word_1_8' title='bbox 758 204 876 241; x_wconf 83' lang='lat' dir='ltr'>flatus</span> <span class='ocrx_word' id='word_1_9' title='bbox 905 202 1186 253; x_wconf 83' lang='lat' dir='ltr'>Septemtrioni</span> <span class='ocrx_word' id='word_1_10' title='bbox 1213 204 1417 243; x_wconf 78' lang='lat' dir='ltr'>subiacent</span> <span class='ocrx_word' id='word_1_11' title='bbox 1442 199 1538 258; x_wconf 78' lang='lat' dir='ltr'>(R),</span> 
     </span>
     <span class='ocr_line' id='line_1_3' title="bbox 187 258 1003 316; baseline 0 -16"><span class='ocrx_word' id='word_1_12' title='bbox 187 266 232 301; x_wconf 88' lang='lat' dir='ltr'>ut</span> <span class='ocrx_word' id='word_1_13' title='bbox 264 266 323 301; x_wconf 88' lang='lat' dir='ltr'>est</span> <span class='ocrx_word' id='word_1_14' title='bbox 354 258 489 316; x_wconf 69' lang='lat' dir='ltr'>(Vm-y.</span> <span class='ocrx_word' id='word_1_15' title='bbox 514 275 639 312; x_wconf 71' lang='lat' dir='ltr'>yeory.</span> <span class='ocrx_word' id='word_1_16' title='bbox 666 263 727 300; x_wconf 89' lang='lat' dir='ltr'>HI</span> <span class='ocrx_word' id='word_1_17' title='bbox 755 264 850 301; x_wconf 86' lang='lat'>381.</span> <span class='ocrx_word' id='word_1_18' title='bbox 881 258 1003 315; x_wconf 84' lang='lat'>382):</span> 
     </span>
    </p>
   </div>
   <div class='ocr_carea' id='block_1_3' title="bbox 365 346 1379 460">
    <p class='ocr_par' dir='ltr' id='par_1_3' title="bbox 365 346 1379 460">
     <span class='ocr_line' id='line_1_4' title="bbox 365 346 1379 397; baseline -0.001 -13"><span class='ocrx_word' id='word_1_19' title='bbox 365 346 467 392; x_wconf 85' lang='lat' dir='ltr'>Quin</span> <span class='ocrx_word' id='word_1_20' title='bbox 500 350 539 385; x_wconf 90' lang='lat' dir='ltr'>et</span> <span class='ocrx_word' id='word_1_21' title='bbox 569 347 825 397; x_wconf 83' lang='lat' dir='ltr'>Hyperboreo</span> <span class='ocrx_word' id='word_1_22' title='bbox 860 346 1018 395; x_wconf 86' lang='lat' dir='ltr'>Septem</span> <span class='ocrx_word' id='word_1_23' title='bbox 1050 347 1227 385; x_wconf 79' lang='lat' dir='ltr'>subiecta</span> <span class='ocrx_word' id='word_1_24' title='bbox 1258 348 1379 386; x_wconf 83' lang='lat' dir='ltr'>trioni</span> 
     </span>
     <span class='ocr_line' id='line_1_5' title="bbox 366 401 1004 460; baseline -0.002 -16"><span class='ocrx_word' id='word_1_25' title='bbox 366 406 468 444; x_wconf 85' lang='lat' dir='ltr'>Gens</span> <span class='ocrx_word' id='word_1_26' title='bbox 501 407 646 445; x_wconf 82' lang='lat' dir='ltr'>effrena</span> <span class='ocrx_word' id='word_1_27' title='bbox 678 407 808 444; x_wconf 86' lang='lat' dir='ltr'>uirum</span> <span class='ocrx_word' id='word_1_28' title='bbox 842 401 1004 460; x_wconf 77' lang='lat' dir='ltr'>(AFocf</span> 
     </span>
    </p>
   </div>
   <div class='ocr_carea' id='block_1_4' title="bbox 116 497 1538 967">
    <p class='ocr_par' dir='ltr' id='par_1_4' title="bbox 116 497 1538 967">
     <span class='ocr_line' id='line_1_6' title="bbox 139 497 1538 552; baseline 0 -12"><span class='ocrx_word' id='word_1_29' title='bbox 139 511 158 540; x_wconf 84' lang='lat'>5</span> <span class='ocrx_word' id='word_1_30' title='bbox 308 497 382 540; x_wconf 78' lang='grc'>18.</span> <span class='ocrx_word' id='word_1_31' title='bbox 416 498 634 552; x_wconf 75' lang='lat' dir='ltr'>MARS&lt;A&gt;E</span> <span class='ocrx_word' id='word_1_32' title='bbox 668 497 890 552; x_wconf 80' lang='lat' dir='ltr'>COHORTIS]</span> <span class='ocrx_word' id='word_1_33' title='bbox 922 500 999 539; x_wconf 87' lang='lat' dir='ltr'>Pro</span> <span class='ocrx_word' id='word_1_34' title='bbox 1031 501 1172 539; x_wconf 80' lang='lat' dir='ltr'>Italiae</span> <span class='ocrx_word' id='word_1_35' title='bbox 1204 501 1398 540; x_wconf 76' lang='lat' dir='ltr'><strong>militibus</strong></span> <span class='ocrx_word' id='word_1_36' title='bbox 1425 502 1538 551; x_wconf 85' lang='lat' dir='ltr'>dixit,</span> 
     </span>
     <span class='ocr_line' id='line_1_7' title="bbox 186 555 1448 614; baseline 0 -16"><span class='ocrx_word' id='word_1_37' title='bbox 186 564 230 598; x_wconf 88' lang='lat' dir='ltr'>ut</span> <span class='ocrx_word' id='word_1_38' title='bbox 263 561 485 599; x_wconf 72' lang='lat' dir='ltr'>ostenderet</span> <span class='ocrx_word' id='word_1_39' title='bbox 516 561 618 599; x_wconf 87' lang='lat' dir='ltr'>solos</span> <span class='ocrx_word' id='word_1_40' title='bbox 650 561 848 599; x_wconf 80' lang='lat' dir='ltr'>Romanos</span> <span class='ocrx_word' id='word_1_41' title='bbox 880 561 999 598; x_wconf 81' lang='lat' dir='ltr'>Dacis</span> <span class='ocrx_word' id='word_1_42' title='bbox 1032 573 1114 599; x_wconf 87' lang='lat' dir='ltr'>esse</span> <span class='ocrx_word' id='word_1_43' title='bbox 1145 562 1287 598; x_wconf 82' lang='lat' dir='ltr'>terrori</span> <span class='ocrx_word' id='word_1_44' title='bbox 1320 555 1448 614; x_wconf 79' lang='lat' dir='ltr'><strong><em>(AFf&#39;</em></strong></span> 
     </span>
     <span class='ocr_line' id='line_1_8' title="bbox 306 615 1464 673; baseline -0.001 -14"><span class='ocrx_word' id='word_1_45' title='bbox 306 616 382 659; x_wconf 73' lang='lat'>20.</span> <span class='ocrx_word' id='word_1_46' title='bbox 433 632 699 663; x_wconf 78' lang='lat' dir='ltr'>RHODANIQVE</span> <span class='ocrx_word' id='word_1_47' title='bbox 732 616 885 671; x_wconf 81' lang='lat' dir='ltr'>POTOR]</span> <span class='ocrx_word' id='word_1_48' title='bbox 941 620 1110 670; x_wconf 82' lang='lat' dir='ltr'>Hispani</span> <span class='ocrx_word' id='word_1_49' title='bbox 1143 622 1182 657; x_wconf 85' lang='lat' dir='ltr'>et</span> <span class='ocrx_word' id='word_1_50' title='bbox 1214 619 1318 658; x_wconf 79' lang='lat' dir='ltr'>Galli</span> <span class='ocrx_word' id='word_1_51' title='bbox 1351 615 1464 673; x_wconf 82' lang='lat' dir='ltr'>(AF&#39;</span> 
     </span>
     <span class='ocr_line' id='line_1_9' title="bbox 306 674 1253 732; baseline 0 -15"><span class='ocrx_word' id='word_1_52' title='bbox 306 674 381 719; x_wconf 76' lang='grc'>21.</span> <span class='ocrx_word' id='word_1_53' title='bbox 431 675 657 731; x_wconf 76' lang='grc' dir='ltr'>ΝΕΝΙ&lt;Α&gt;Ε]</span> <span class='ocrx_word' id='word_1_54' title='bbox 715 679 880 717; x_wconf 86' lang='lat' dir='ltr'>Carmen</span> <span class='ocrx_word' id='word_1_55' title='bbox 913 680 1074 718; x_wconf 86' lang='lat' dir='ltr'>funebre</span> <span class='ocrx_word' id='word_1_56' title='bbox 1107 675 1253 732; x_wconf 79' lang='lat' dir='ltr'>(AP&#39;f</span> 
     </span>
     <span class='ocr_line' id='line_1_10' title="bbox 306 734 1534 790; baseline 0 -13"><span class='ocrx_word' id='word_1_57' title='bbox 306 734 380 779; x_wconf 74' lang='grc'>22.</span> <span class='ocrx_word' id='word_1_58' title='bbox 414 751 652 782; x_wconf 82' lang='lat' dir='ltr'>LVCTVSQVE</span> <span class='ocrx_word' id='word_1_59' title='bbox 685 735 859 790; x_wconf 66' lang='lat' dir='ltr'>TVRPES]</span> <span class='ocrx_word' id='word_1_60' title='bbox 904 739 1070 789; x_wconf 75' lang='lat' dir='ltr'>Propter</span> <span class='ocrx_word' id='word_1_61' title='bbox 1100 738 1283 777; x_wconf 82' lang='lat' dir='ltr'>habitum</span> <span class='ocrx_word' id='word_1_62' title='bbox 1315 740 1534 789; x_wconf 85' lang='lat' dir='ltr'>lugentium</span> 
     </span>
     <span class='ocr_line' id='line_1_11' title="bbox 116 794 464 851; baseline -0.006 -13"><span class='ocrx_word' id='word_1_63' title='bbox 116 808 159 838; x_wconf 90' lang='lat'>10</span> <span class='ocrx_word' id='word_1_64' title='bbox 185 799 285 836; x_wconf 74' lang='lat' dir='ltr'>dixit</span> <span class='ocrx_word' id='word_1_65' title='bbox 319 794 433 851; x_wconf 70' lang='grc' dir='ltr'>(ΑΓ</span> <span class='ocrx_word' id='word_1_66' title='bbox 440 800 464 846; x_wconf 85' lang='lat' dir='ltr'><em>f</em></span> 
     </span>
     <span class='ocr_line' id='line_1_12' title="bbox 306 853 1535 910; baseline 0 -14"><span class='ocrx_word' id='word_1_67' title='bbox 306 853 382 898; x_wconf 75' lang='lat'>24.</span> <span class='ocrx_word' id='word_1_68' title='bbox 417 870 704 897; x_wconf 82' lang='lat' dir='ltr'>SVPERVACVOS</span> <span class='ocrx_word' id='word_1_69' title='bbox 738 855 943 910; x_wconf 79' lang='lat' dir='ltr'>HONORES]</span> <span class='ocrx_word' id='word_1_70' title='bbox 990 858 1242 908; x_wconf 83' lang='lat' dir='ltr'>Superuaeue</span> <span class='ocrx_word' id='word_1_71' title='bbox 1275 859 1380 896; x_wconf 86' lang='lat' dir='ltr'>enim</span> <span class='ocrx_word' id='word_1_72' title='bbox 1411 858 1535 896; x_wconf 84' lang='lat' dir='ltr'>doleri</span> 
     </span>
     <span class='ocr_line' id='line_1_13' title="bbox 184 918 1534 967; baseline 0.001 -12"><span class='ocrx_word' id='word_1_73' title='bbox 184 920 359 956; x_wconf 87' lang='lat' dir='ltr'>mortuos</span> <span class='ocrx_word' id='word_1_74' title='bbox 391 919 508 955; x_wconf 84' lang='lat' dir='ltr'>multi</span> <span class='ocrx_word' id='word_1_75' title='bbox 540 918 740 966; x_wconf 81' lang='lat' dir='ltr'>dixerunt,</span> <span class='ocrx_word' id='word_1_76' title='bbox 772 919 940 955; x_wconf 73' lang='lat' dir='ltr'>maxime</span> <span class='ocrx_word' id='word_1_77' title='bbox 973 918 1181 966; x_wconf 83' lang='lat' dir='ltr'>Horatius,</span> <span class='ocrx_word' id='word_1_78' title='bbox 1214 919 1283 967; x_wconf 79' lang='lat' dir='ltr'>qui</span> <span class='ocrx_word' id='word_1_79' title='bbox 1314 918 1534 956; x_wconf 87' lang='lat' dir='ltr'>inmortali-</span> 
     </span>
    </p>
   </div>
   <div class='ocr_carea' id='block_1_5' title="bbox 184 971 1534 1090">
    <p class='ocr_par' dir='ltr' id='par_1_5' title="bbox 184 971 1534 1090">
     <span class='ocr_line' id='line_1_14' title="bbox 184 971 1534 1030; baseline 0.001 -15"><span class='ocrx_word' id='word_1_80' title='bbox 184 979 309 1016; x_wconf 82' lang='lat' dir='ltr'>tatem</span> <span class='ocrx_word' id='word_1_81' title='bbox 341 990 380 1016; x_wconf 88' lang='lat' dir='ltr'>se</span> <span class='ocrx_word' id='word_1_82' title='bbox 412 978 539 1015; x_wconf 79' lang='lat' dir='ltr'>uideri</span> <span class='ocrx_word' id='word_1_83' title='bbox 571 978 659 1015; x_wconf 82' lang='lat' dir='ltr'>uult</span> <span class='ocrx_word' id='word_1_84' title='bbox 689 991 760 1026; x_wconf 93' lang='lat' dir='ltr'>per</span> <span class='ocrx_word' id='word_1_85' title='bbox 791 978 966 1015; x_wconf 82' lang='lat' dir='ltr'>earmina</span> <span class='ocrx_word' id='word_1_86' title='bbox 996 979 1247 1015; x_wconf 75' lang='lat' dir='ltr'>consecutum</span> <span class='ocrx_word' id='word_1_87' title='bbox 1274 971 1338 1030; x_wconf 78' lang='lat' dir='ltr'>(ex</span> <span class='ocrx_word' id='word_1_88' title='bbox 1355 973 1534 1030; x_wconf 71' lang='lat' dir='ltr'>Porph.);</span> 
     </span>
     <span class='ocr_line' id='line_1_15' title="bbox 184 1032 929 1090; baseline 0.001 -17"><span class='ocrx_word' id='word_1_89' title='bbox 184 1050 276 1074; x_wconf 81' lang='lat' dir='ltr'>nam</span> <span class='ocrx_word' id='word_1_90' title='bbox 309 1040 347 1075; x_wconf 89' lang='lat' dir='ltr'>et</span> <span class='ocrx_word' id='word_1_91' title='bbox 378 1037 577 1087; x_wconf 84' lang='lat' dir='ltr'>Vergilius</span> <span class='ocrx_word' id='word_1_92' title='bbox 612 1032 727 1090; x_wconf 74' lang='lat' dir='ltr'>(Aen.</span> <span class='ocrx_word' id='word_1_93' title='bbox 754 1037 818 1074; x_wconf 86' lang='lat' dir='ltr'>XI·</span> <span class='ocrx_word' id='word_1_94' title='bbox 838 1032 929 1089; x_wconf 76' lang='lat'>52):</span> 
     </span>
    </p>
   </div>
   <div class='ocr_carea' id='block_1_6' title="bbox 115 1115 1534 1291">
    <p class='ocr_par' dir='ltr' id='par_1_6' title="bbox 115 1115 1534 1291">
     <span class='ocr_line' id='line_1_16' title="bbox 115 1115 1344 1172; baseline -0.002 -12"><span class='ocrx_word' id='word_1_95' title='bbox 115 1130 156 1160; x_wconf 77' lang='lat'>15</span> <span class='ocrx_word' id='word_1_96' title='bbox 397 1120 510 1158; x_wconf 84' lang='lat' dir='ltr'>Vano</span> <span class='ocrx_word' id='word_1_97' title='bbox 543 1117 739 1170; x_wconf 83' lang='lat' dir='ltr'>m&lt;a&gt;esti</span> <span class='ocrx_word' id='word_1_98' title='bbox 772 1121 1007 1158; x_wconf 79' lang='lat' dir='ltr'>comitamur</span> <span class='ocrx_word' id='word_1_99' title='bbox 1038 1121 1182 1159; x_wconf 84' lang='lat' dir='ltr'>honore</span> <span class='ocrx_word' id='word_1_100' title='bbox 1217 1115 1273 1172; x_wconf 88' lang='lat' dir='ltr'>(A</span> <span class='ocrx_word' id='word_1_101' title='bbox 1282 1120 1344 1167; x_wconf 80' lang='lat' dir='ltr'>Pf</span> 
     </span>
     <span class='ocr_line' id='line_1_17' title="bbox 303 1244 1534 1291; baseline 0 -12"><span class='ocrx_word' id='word_1_102' title='bbox 303 1249 322 1279; x_wconf 88' lang='lat'>3</span> <span class='ocrx_word' id='word_1_103' title='bbox 349 1245 580 1290; x_wconf 82' lang='lat' dir='ltr'>hyperboreo</span> <span class='ocrx_word' id='word_1_104' title='bbox 600 1246 634 1291; x_wconf 77' lang='lat' dir='ltr'>r]</span> <span class='ocrx_word' id='word_1_105' title='bbox 654 1245 873 1290; x_wconf 82' lang='lat' dir='ltr'>hiperboreo</span> <span class='ocrx_word' id='word_1_106' title='bbox 895 1247 930 1280; x_wconf 98' lang='lat' dir='ltr'><strong><em>A</em></strong></span> <span class='ocrx_word' id='word_1_107' title='bbox 955 1245 1193 1290; x_wconf 80' lang='lat' dir='ltr'>hyperbaoho</span> <span class='ocrx_word' id='word_1_108' title='bbox 1213 1246 1236 1289; x_wconf 80' lang='lat' dir='ltr'><em>f</em></span> <span class='ocrx_word' id='word_1_109' title='bbox 1254 1244 1492 1290; x_wconf 78' lang='lat' dir='ltr'>hiperboreos</span> <span class='ocrx_word' id='word_1_110' title='bbox 1514 1259 1534 1290; x_wconf 81' lang='lat' dir='ltr'><em>y</em></span> 
     </span>
    </p>
   </div>
   <div class='ocr_carea' id='block_1_7' title="bbox 184 1292 1484 1375">
    <p class='ocr_par' dir='ltr' id='par_1_7' title="bbox 184 1292 1484 1375">
     <span class='ocr_line' id='line_1_18' title="bbox 184 1292 1484 1338; baseline -0.001 -11"><span class='ocrx_word' id='word_1_111' title='bbox 184 1292 407 1337; x_wconf 75' lang='lat' dir='ltr'>yperboreos</span> <span class='ocrx_word' id='word_1_112' title='bbox 434 1307 457 1327; x_wconf 87' lang='grc' dir='ltr'>α</span> <span class='ocrx_word' id='word_1_113' title='bbox 556 1296 575 1326; x_wconf 87' lang='grc'><strong>9</strong></span> <span class='ocrx_word' id='word_1_114' title='bbox 604 1293 747 1327; x_wconf 84' lang='lat' dir='ltr'>abitum</span> <span class='ocrx_word' id='word_1_115' title='bbox 775 1295 809 1327; x_wconf 93' lang='lat' dir='ltr'><strong><em>A</em></strong></span> <span class='ocrx_word' id='word_1_116' title='bbox 836 1292 985 1327; x_wconf 84' lang='lat' dir='ltr'>habitus</span> <span class='ocrx_word' id='word_1_117' title='bbox 1012 1297 1087 1328; x_wconf 74' lang='lat' dir='ltr'>cett.</span> <span class='ocrx_word' id='word_1_118' title='bbox 1189 1296 1231 1327; x_wconf 88' lang='lat'>14</span> <span class='ocrx_word' id='word_1_119' title='bbox 1257 1293 1356 1338; x_wconf 87' lang='lat' dir='ltr'>uirg:</span> <span class='ocrx_word' id='word_1_120' title='bbox 1384 1293 1484 1327; x_wconf 82' lang='lat' dir='ltr'>codd.</span> 
     </span>
     <span class='ocr_line' id='line_1_19' title="bbox 186 1340 553 1375; baseline 0.003 -1"><span class='ocrx_word' id='word_1_121' title='bbox 186 1345 228 1374; x_wconf 82' lang='lat'>15</span> <span class='ocrx_word' id='word_1_122' title='bbox 255 1340 493 1375; x_wconf 71' lang='lat' dir='ltr'>comittamur</span> <span class='ocrx_word' id='word_1_123' title='bbox 518 1341 553 1375; x_wconf 88' lang='lat' dir='ltr'><strong><em>A</em></strong></span> 
     </span>
    </p>
   </div>
  </div>
 </body>
</html>
