1664 2563
119 798 161 827 10

119 1127 160 1157 15

117 1422 161 1451 20

189 111 277 152 340
635 111 886 146 EXPOSITIO
913 112 964 146 IN
990 112 1101 147 HOR.

188 236 275 261 mus
320 226 455 261 contra
500 236 581 271 eos,
634 236 730 272 quos
775 224 808 261 si
852 225 1109 272 euaserimus,
1153 225 1353 274 triumpho
1397 225 1541 264 habere

189 279 446 332 de<be>mus3
490 282 577 320 ideo
616 285 748 320 autem
786 283 889 331 lupis
929 284 1162 332 conparauit
1192 284 1409 332 Romanos,
1447 285 1541 333 quia

189 344 326 380 auctor
357 342 527 379 nominis
561 354 695 380 eorum
727 342 821 391 lupa
854 342 1026 379 nutritus
1059 344 1118 380 est
1151 337 1255 395 (AV

309 396 385 439 53.
438 412 540 438 GENS
575 413 682 443 QVAE
716 397 927 452 CREMATO]
984 401 1204 450 Tamquam
1235 414 1329 452 gens
1361 402 1543 441 Romana

188 472 258 508 per
308 460 452 497 damna
503 462 541 497 et
592 456 783 510 c<a>edes
835 461 1011 497 creuerit.
1087 460 1181 499 Ideo
1231 462 1271 498 et
1321 462 1542 510 exemplum

189 519 330 556 Troiae
380 519 510 567 ponit,
560 531 583 555 a
634 531 711 568 qua
762 519 927 557 oriundo
978 522 1053 566 est,
1102 522 1149 557 ut
1199 514 1333 571 (Ver-9.
1361 519 1458 557 Aen.
1486 520 1542 558 XI

191 578 285 615 306.
315 574 438 629 SOU:

902 635 1005 680 Quos
1038 637 1150 675 nulla
1181 637 1355 687 fatigant

367 695 523 733 Proelia
556 708 624 733 nec
658 697 755 733 uicti
786 697 951 744 possunt
983 695 1170 734 absistere
1202 696 1304 734 bello
1338 690 1442 748 (AV

309 784 385 828 54.
445 786 594 840 SACRA]
656 791 758 828 Deos
797 789 981 837 Penates,
1021 790 1067 827 de
1105 789 1247 839 quibus
1281 785 1416 842 (Very.
1442 789 1541 830 Aen.

286 849 325 876 s*
369 863 378 870 .

188 848 227 885 Π
256 844 378 900 231).
400 907 482 946 Hos
516 921 610 957 cape
642 909 815 946 fatorum
848 909 1008 946 comites
1043 903 1149 960 (AV

308 996 384 1040 55.
435 1013 708 1044 MATVROSQVE
741 1013 922 1039 FRATRES
957 996 1041 1053 (leq.
1070 997 1264 1055 PATREs)]
1325 1002 1541 1040 Ascanium

188 1060 477 1109 Anchisemque
509 1063 663 1109 patrem
696 1056 770 1113 (=
800 1062 907 1108 Verq.
934 1060 1032 1098 Aen.
1059 1061 1099 1098 Π
1128 1055 1242 1112 747),
1276 1061 1416 1110 quibus
1443 1061 1538 1099 libe-

187 1119 284 1156 ratis
317 1120 468 1157 Aeneas
502 1119 552 1156 ad
584 1120 744 1157 Italiam
776 1121 885 1157 uenit
918 1115 1023 1171 (AV

308 1174 384 1217 57.
437 1174 586 1229 rossa]
647 1176 824 1227 C<a>esa
857 1174 963 1230 (AV

238 1269 258 1279 ,
308 1233 384 1276 58.
436 1250 476 1274 IN
508 1249 661 1275 Anemo
694 1234 918 1288 <FERA01>]
977 1237 1116 1275 Fertili
1149 1233 1332 1288 [Algido]
1366 1232 1471 1290 (AV

308 1291 383 1335 59.
429 1309 507 1333 PER
541 1293 755 1346 c<A>nDns
787 1309 840 1334 AB
872 1293 983 1347 IPSO]
1040 1296 1123 1334 Ilex
1155 1297 1259 1334 enim
1291 1308 1403 1334 caesa
1436 1297 1540 1336 ferro

187 1356 327 1392 melius
359 1355 532 1404 pullulat
565 1350 670 1407 (AV

308 1409 386 1453 61.
419 1426 500 1451 Nox<
533 1426 673 1451 HYDRA
706 1426 834 1452 sncro
869 1410 1075 1464 CORPORE]
1128 1413 1318 1463 Exemplo
1346 1407 1452 1452 ⁴ilicis
1477 1427 1539 1452 ra-

188 1486 342 1510 morum
398 1473 539 1510 damno
595 1473 786 1520 melioris,
842 1473 991 1521 hydrae
1048 1474 1185 1521 etiam,
1245 1485 1345 1522 quae
1402 1474 1539 1512 excisis

187 1532 257 1568 sub
290 1532 458 1569 Hercule
503 1534 729 1581 serpentum
767 1533 962 1581 capitibus
1001 1533 1245 1569 numerosior
1282 1532 1539 1580 excrescebat,

187 1590 323 1628 laudat
349 1591 546 1628 Romanos
578 1591 771 1628 bellorum
803 1591 958 1629 damnis
984 1591 1165 1629 meliores
1192 1603 1344 1639 semper
1370 1591 1537 1629 effectos.

188 1649 421 1687 Colchorum
460 1662 614 1698 quoque
654 1662 717 1687 eos
756 1652 931 1688 monstro
964 1651 1185 1699 comparat,
1222 1649 1291 1686 ubi
1322 1650 1418 1687 satis
1451 1649 1538 1687 dra-

118 1717 149 1745 ‘3-
190 1709 297 1746 conis
337 1708 518 1746 dentibus
551 1709 695 1746 armati
727 1709 773 1745 de
806 1711 932 1746 terrae
965 1709 1082 1746 sulcis
1115 1708 1261 1758 egressi
1292 1709 1401 1756 sunt,
1442 1721 1538 1757 quos

189 1767 306 1805 Iason
345 1767 505 1805 Medeae
544 1770 626 1805 arte
666 1768 887 1816 superauit3
931 1767 1057 1805 simile
1096 1769 1135 1804 et
1173 1766 1281 1804 aliud
1318 1767 1540 1816 exemplum

190 1825 369 1863 draconis
403 1826 597 1874 Thebani,
633 1839 749 1874 quem
783 1825 951 1864 Cadmus
984 1825 1144 1873 occidit,
1177 1826 1286 1863 cuius
1319 1826 1415 1864 satis
1448 1825 1538 1863 den-

311 1976 327 2005 1
350 1984 415 2016 pro
436 1974 486 2007 tr:
511 1974 558 2008 Vc
559 1985 600 2017 p,
619 1974 680 2008 sed
693 1978 743 2008 esc
757 1974 906 2008 datiam-s
1002 1973 1139 2007 habere
1154 1973 1330 2007 debemus
1345 1973 1412 2018 K]
1426 1972 1538 2006 habe-

188 2017 323 2052 redem'
342 2021 376 2053 A
402 2019 641 2054 habeundum
663 2031 691 2064 p
715 2020 929 2054 habendum
954 2022 1010 2054 est
1038 2022 1085 2054 Vc
1182 2024 1201 2053 2
1229 2019 1461 2064 comparauit
1479 2030 1538 2053 ro-

190 2076 319 2099 manos
344 2065 443 2110 lupis
473 2068 507 2101 V
597 2070 617 2100 5
645 2068 808 2111 dampna
836 2069 870 2102 V
961 2071 980 2101 6
1007 2067 1101 2101 troie
1121 2068 1157 2101 A
1253 2066 1408 2101 oriundo
1428 2066 1538 2112 AVc]

191 2112 368 2147 oriundus
392 2124 419 2156 p
445 2114 569 2158 Pauly
595 2115 764 2149 Hanthal
884 2117 903 2147 9
931 2114 1009 2158 plia
1037 2115 1071 2148 V
1185 2117 1227 2147 12
1253 2113 1435 2148 factorum
1462 2114 1498 2147 V

193 2163 236 2193 14
262 2159 451 2193 anchisem
472 2161 578 2206 Aep]
606 2161 784 2195 anchisen
800 2162 834 2195 V
927 2165 968 2195 15
995 2161 1130 2195 hitalia
1149 2162 1184 2195 A
1283 2164 1324 2194 17
1351 2159 1468 2194 fertili
1488 2161 1536 2205 V]

189 2206 306 2241 fertili
332 2206 458 2252 algido
485 2208 520 2241 A
632 2211 673 2241 18
699 2208 774 2242 ilex
799 2209 862 2253 cp]
888 2208 973 2252 ylex
999 2209 1079 2243 AV
1170 2218 1254 2254 cesa
1279 2207 1331 2252 A]
1357 2207 1483 2241 incesa
1510 2208 1545 2241 V

189 2264 274 2288 cesa
299 2265 347 2298 cp
463 2257 506 2287 20
532 2254 651 2297 hydra
676 2256 709 2300 c]
737 2255 819 2289 idra
844 2256 910 2299 Ap
935 2255 1028 2298 ydra
1056 2256 1222 2298 V(corr.)
1332 2258 1373 2287 21
1402 2254 1537 2288 damno

188 2301 297 2346 Acp]
319 2301 480 2345 dampno
498 2302 531 2335 V
622 2302 700 2347 idrcg
714 2303 748 2335 A
753 2314 781 2346 p
800 2302 890 2345 ydre
907 2303 941 2336 V
954 2301 1071 2345 hydre
1085 2312 1102 2335 c
1199 2300 1306 2335 addit
1320 2305 1403 2344 post
1422 2301 1537 2335 etiam

190 2348 274 2382 add.
297 2349 420 2392 Pauly
518 2352 561 2381 23
589 2348 760 2392 dampnis
790 2350 824 2384 V
916 2352 959 2382 26
986 2349 1115 2394 medee
1141 2348 1181 2393 p]
1207 2348 1337 2382 medee
1363 2348 1458 2384 AVc
