1664 2563
678 63 842 99 EXPOS.
864 63 1009 99 METR.
1496 64 1523 106 5

168 178 331 226 dicitur,
370 177 516 215 dactilo
556 179 595 214 et
627 176 798 227 spondeo
829 176 995 234 pedibus
1027 178 1281 225 terminatur,
1318 178 1523 226 utiturque

166 237 241 274 hac
278 238 396 275 metri
427 237 711 286 compositione
743 235 801 273 VI
833 239 872 274 et
902 236 975 273 XX
1007 237 1205 284 cantibus,
1244 250 1412 286 quorum
1443 238 1523 286 pri-

165 296 319 334 mordia
350 295 579 334 subnotaui:

380 367 466 406 Iam
499 369 595 406 satis
627 368 742 405 terris
774 368 879 405 niuis
912 369 1032 416 atque
1065 367 1173 405 dirae

379 427 550 465 Mercuri
581 427 749 465 facunde
782 439 902 476 nepos
934 427 1111 464 Atlantis
1574 434 1594 464 5

381 485 505 531 Quem
536 487 667 524 uirum
699 489 769 525 aut
799 487 919 524 heroa
951 487 1039 536 lyra
1071 487 1135 525 uel
1168 488 1250 525 acri

381 546 471 584 Vile
503 547 661 596 potabis
693 546 857 584 modicis
891 545 1082 584 Sabinum

379 606 538 656 Integer
567 608 674 644 uitae
707 606 941 655 scelerisque
972 619 1094 655 purus

380 666 541 704 Parcius
578 668 733 704 iunctas
766 666 954 715 quatiunt
985 666 1177 704 fenestras

381 724 413 763 O
445 725 580 764 Venus
612 725 748 776 regina
782 724 898 763 Cnidi
929 725 1135 775 Paphique
1551 732 1595 762 10

379 785 582 823 Poscimus
615 785 746 834 siquid
776 787 893 823 uacui
926 785 996 822 sub
1029 786 1170 823 umbra

381 845 560 883 Persicos
593 845 658 882 odi
689 856 787 893 puer
819 846 1035 893 apparatus

380 904 525 942 Nullus
558 906 722 954 argento
756 904 863 942 color
895 905 954 941 est
986 905 1118 941 auaris

379 964 439 1001 Ne
471 964 524 1001 sit
555 964 723 1002 ancillae
755 963 829 1001 tibi
862 976 973 1001 amor
1003 963 1146 1013 pudori

381 1023 548 1073 Septimi
582 1022 709 1062 Gades
743 1023 897 1061 aditure
929 1036 1083 1061 mecum
1553 1030 1596 1060 15

381 1083 475 1121 Vlla
507 1084 539 1121 si
570 1083 668 1121 iuris
699 1083 775 1121 tibi
806 1083 995 1132 perierati

379 1142 540 1181 Rectius
573 1143 685 1181 uiues
718 1142 849 1180 Licini
880 1155 1006 1192 neque
1040 1143 1165 1180 altum

381 1201 518 1240 Otium
550 1203 662 1241 diuos
694 1205 811 1253 rogat
842 1203 885 1240 in
916 1204 1072 1251 patenti

379 1262 535 1300 Martiis
569 1262 696 1300 celebs
729 1262 826 1311 quid
856 1275 975 1312 agam
1005 1261 1195 1300 Kalendis

379 1322 548 1360 Mercuri
579 1335 672 1359 nam
703 1323 742 1360 te
776 1321 914 1359 docilis
945 1323 1181 1372 mag-istrum
1551 1327 1596 1358 20

380 1381 562 1419 Herculis
594 1381 676 1419 ritu
705 1381 822 1419 modo
855 1381 982 1419 dictus
1015 1394 1037 1419 o
1069 1381 1179 1430 plebs

380 1440 517 1479 Faune
547 1441 827 1490 Nympharum
858 1441 1084 1491 fugientum
1115 1443 1270 1479 amator

379 1500 469 1539 Non
502 1500 613 1539 uides
646 1503 796 1550 quanto
828 1513 988 1539 moueas
1021 1501 1168 1550 periclo

380 1560 576 1598 Montium
609 1563 739 1599 custos
773 1562 1021 1610 nemorisque
1054 1562 1167 1611 uirgo

382 1620 530 1670 Impios
562 1633 702 1669 parrae
733 1621 944 1658 recinentis
976 1633 1091 1658 omen
1552 1626 1596 1656 25

382 1680 598 1718 Pindarum
629 1680 808 1730 quisquis
841 1680 973 1718 studet
1004 1676 1256 1730 <a>emulari

382 1740 483 1777 Diue
517 1753 633 1789 quem
664 1740 795 1789 proles
826 1740 981 1777 Niobea
1011 1752 1179 1790 magnae

381 1799 454 1837 Est
484 1799 582 1836 mihi
614 1812 762 1837 nonum
795 1799 1019 1848 superantis
1053 1812 1201 1837 annum

381 1858 536 1897 Phoebe
570 1859 839 1908 siluarumque
870 1860 1011 1908 potens
1043 1859 1184 1896 Diana.

287 1941 421 1979 Tertia
466 1936 549 1996 ᾠδή
595 1942 742 1980 dicolos
782 1944 840 1980 est
879 1942 1121 1991 distrophos,
1164 1942 1238 1979 hoc
1276 1943 1336 1979 est
1377 1942 1526 1991 duplici
1553 1948 1596 1979 30

169 2013 310 2051 genere
341 2001 459 2039 metri
491 2002 658 2051 scripta,
696 2015 719 2039 a
751 2001 920 2039 secundo
952 2002 1059 2040 facta
1090 2002 1358 2051 replicatione.
1421 2001 1525 2039 Nam

166 2061 276 2109 prior
307 2073 456 2109 uersus,
490 2062 554 2098 cui
581 2061 805 2099 Gliconium
829 2074 973 2099 nomen
999 2061 1127 2109 datur,
1160 2063 1316 2099 constat
1341 2061 1525 2111 spondeo,

287 2189 308 2219 5
334 2185 489 2220 atlantis
527 2187 573 2229 f
550 2199 570 2231 3
610 2187 775 2233 Seruius]
816 2186 912 2221 athl.
947 2200 1000 2232 γα
1032 2198 1097 2222 om.
1119 2198 1137 2221 c
1283 2190 1326 2221 10
1354 2186 1455 2221 cnidi
1479 2186 1526 2230 fj

168 2232 333 2279 Seruius]
361 2233 467 2278 gnidi
493 2248 547 2279 γα
573 2245 639 2269 om
660 2246 678 2269 c
776 2238 818 2269 11
845 2233 1034 2279 poscimur
1057 2236 1081 2278 f
1171 2234 1304 2268 umbra
1316 2235 1352 2280 j]
1374 2234 1525 2268 umbras

168 2283 224 2315 Tc
340 2285 382 2315 16
409 2281 586 2326 perierati
605 2282 628 2326 j
653 2287 736 2317 ante
761 2282 849 2328 ras]
876 2282 996 2327 picati
1021 2296 1042 2327 y
1068 2282 1226 2327 peierati
1253 2286 1306 2325 ocf
1327 2283 1478 2317 Seruius

169 2330 214 2361 29
239 2328 361 2374 phebe
386 2343 418 2374 γ,
444 2334 535 2365 recte
553 2329 586 2373 j,
611 2334 687 2364 cett.
714 2329 835 2374 phebe
933 2333 978 2364 30
1005 2331 1105 2365 ωΔΕ
1132 2331 1183 2376 ys
1203 2329 1273 2364 ode
1299 2343 1322 2363 α
