1664 2563
204 495 223 526 5

181 791 224 823 10

181 1087 225 1120 15

180 1382 225 1414 20

180 1761 225 1792 25

250 91 334 132 262
690 89 939 125 EXPOSITIO
964 89 1016 124 IN
1041 89 1152 125 HOR.

369 197 412 242 8.
462 214 567 242 PVRO
598 214 750 241 NVMLNE
779 198 986 253 IVPPITER]
1042 202 1186 240 Sereno
1212 197 1352 253 [aere],
1383 203 1428 239 ut
1452 196 1597 255 (Verq-

247 273 371 311 yeory.
397 261 417 299 Ι
443 256 565 315 433):

427 344 532 382 Pura
563 357 688 394 neque
721 344 869 383 obtusis
900 357 970 395 per
1001 345 1152 382 caelum
1184 344 1364 382 cornibus
1395 343 1472 382 ibit

251 424 308 481 (A
322 429 360 465 Γ
368 428 436 467 bV

369 482 413 526 9.
457 498 668 524 INGRATAM
699 499 847 524 VENERI
878 498 983 524 PONE
1015 482 1262 538 SVPERBIAM]
1321 485 1590 524 Execrabilem

250 546 395 584 Veneri
440 546 551 594 dicit,
596 546 630 584 si
673 548 781 583 amat
818 541 904 599 (leq.
932 541 1086 599 amans)
1123 546 1350 596 superbiam
1386 541 1462 596 [et]
1501 557 1590 583 con-

250 607 403 643 temnat
434 618 606 643 amorem
638 600 811 658 (AFbV

373 659 447 704 10.
481 663 668 702 Gurrente
702 659 776 717 (c)]
829 663 1018 702 Celeriter
1048 663 1216 702 labente.
1267 664 1367 701 Vult
1397 664 1501 701 enim
1531 664 1592 701 in-

250 724 434 774 tellegere
466 725 674 762 scissuram
705 723 860 773 repudii
891 717 954 776 (V
969 734 1068 761 cons.
1088 735 1139 771 cp

366 779 484 834 Nn[c]
542 794 752 821 CVRRENTE
807 794 940 820 RETRO
990 795 1024 819 F.
1057 795 1092 819 E.
1124 778 1181 833 R]
1265 782 1433 820 Nomine
1481 783 1593 820 rotae

250 844 452 880 fortunam
489 842 605 891 dixit,
642 842 745 880 idest
781 855 829 880 ne
867 841 1121 880 uolubilitate
1157 844 1267 880 rotae
1306 844 1345 879 et
1378 843 1425 879 tu
1456 853 1592 879 amans

251 903 552 951 contempnaris,
588 904 626 939 et
656 903 714 939 ita
745 901 891 938 inflexu
922 903 1032 939 rotae
1065 900 1246 949 laedaris,
1277 902 1381 938 sicut
1411 912 1537 950 equus
1569 913 1593 939 a

250 964 439 999 consueta
470 961 681 999 uelocitate
715 959 894 998 deficiens
926 961 1135 998 consueuit
1166 954 1341 1012 (AFaV

372 1015 447 1059 11.
468 1019 673 1069 Penelopis
693 1032 799 1067 uero,
818 1021 951 1057 uxoris
971 1019 1110 1067 Vlixis,
1130 1021 1225 1056 nota
1243 1019 1380 1056 fabula
1400 1020 1470 1066 est,
1490 1030 1592 1067 quae

251 1091 323 1129 pro
356 1079 433 1117 fide
465 1079 636 1117 absentis
668 1078 802 1116 mariti
834 1091 966 1116 omnes
998 1078 1224 1127 repudiauit
1254 1089 1415 1127 sponsos
1449 1072 1597 1130 (AFV

373 1133 447 1177 12.
498 1149 694 1175 TIRRENVS
726 1134 900 1188 PARENS]
956 1137 1083 1175 Italus
1115 1132 1241 1190 (AFb

372 1192 447 1236 13.
480 1196 511 1234 O
545 1198 728 1245 quamuis
762 1191 837 1249 (0)]
894 1196 999 1235 Ordo
1025 1198 1100 1234 est:
1133 1208 1155 1234 o
1181 1208 1319 1246 parcas
1345 1195 1591 1245 supplicibus

250 1257 331 1294 tuis
362 1269 431 1295 nec
458 1257 607 1294 scilicet
633 1258 685 1294 sis
710 1256 869 1294 mollior
892 1255 1022 1306 rigida
1048 1255 1178 1293 esculo
1204 1268 1274 1293 nec
1301 1255 1431 1292 animo
1456 1255 1592 1292 mitior

250 1316 400 1354 Mauris
434 1315 647 1366 anguibus,
685 1316 869 1364 quamuis
901 1327 1027 1364 neque
1059 1317 1226 1352 curuant
1257 1317 1296 1352 te
1326 1326 1491 1352 munera
1520 1325 1591 1351 nec

250 1387 381 1424 preces
413 1388 483 1412 nec
514 1375 642 1423 pallor
674 1375 894 1411 amantium
925 1375 1073 1412 tinctus
1105 1374 1213 1412 uiola
1244 1386 1313 1411 nec
1344 1374 1409 1410 uir
1434 1373 1591 1411 saucius

250 1434 382 1472 Pieria
411 1434 535 1483 pelice
568 1428 633 1486 (V
650 1435 734 1471 sim.
755 1445 804 1481 cp

368 1505 503 1536 NEQVE
535 1505 585 1529 TE
617 1488 800 1543 MVNERA]
855 1492 911 1529 Vt
943 1493 1000 1530 est
1031 1487 1167 1545 (Vera.
1195 1491 1256 1530 ecl.
1285 1493 1323 1540 2,
1350 1485 1443 1543 44):

464 1575 659 1620 Quoniam
691 1575 849 1613 sordent
879 1575 955 1612 tibi
985 1587 1147 1612 munera
1178 1576 1325 1622 nostra,

254 1673 292 1708 et
323 1670 420 1708 alibi
451 1665 533 1723 (ecl.
562 1671 598 1719 2,
627 1664 718 1721 56):

462 1753 542 1790 Nec
574 1764 737 1789 munera
768 1754 882 1790 curat
911 1751 1045 1789 Alexis
1078 1746 1181 1804 (AF

372 1841 447 1885 14.
480 1846 643 1958 {Pallor
675 1847 893 1884 amantium
918 1847 1024 1885 color
1049 1849 1119 1884 est.
1168 1846 1279 1884 Vnde
1306 1844 1472 1883 Ouidius
1498 1839 1592 1898 (art.

253 1917 326 1943 am.
352 1906 372 1942 I
400 1907 481 1944 729
511 1920 520 1944 :

431 1975 585 2013 Palleat
616 1977 742 2014 omnis
775 1988 922 2024 amans,
954 1976 1061 2014 color
1085 1977 1144 2013 est
1169 1975 1231 2013 hic
1258 1977 1372 2025 aptus
1399 1975 1523 2013 amori
1547 1969 1590 2027 (b

372 2103 390 2133 1
418 2109 501 2133 aere
527 2100 546 2134 b
572 2110 637 2134 om.
659 2104 733 2135 cett.
876 2101 920 2133 ut
945 2120 989 2124 —
1014 2099 1099 2145 ibit]
1126 2100 1238 2135 om.V
1374 2102 1394 2132 6
1420 2099 1457 2133 et
1482 2099 1592 2142 chp

251 2157 425 2191 superscr.
451 2147 493 2180 in
517 2147 554 2192 r]
578 2158 642 2181 om.
668 2148 733 2191 Ay
877 2148 1090 2181 contemnat
1114 2147 1206 2192 γορ]
1234 2147 1419 2180 contemat
1443 2146 1479 2180 A
1505 2156 1590 2180 con-

253 2195 422 2238 tempnat
441 2194 460 2228 b
487 2193 734 2238 condempnat
761 2195 793 2229 V
816 2195 1085 2238 contempnetr
1182 2196 1224 2227 10
1248 2192 1397 2227 nomine
1415 2192 1450 2238 r]
1473 2192 1591 2227 domi-

254 2252 341 2275 nam
365 2245 439 2276 cett.
460 2252 510 2284 cp
628 2245 668 2274 11
696 2241 793 2275 idest
818 2253 882 2276 om.
903 2255 927 2275 α
1044 2245 1085 2275 12
1112 2239 1384 2284 contempnaris
1410 2241 1515 2274 As'oe
1525 2240 1588 2285 Vc]

253 2287 501 2322 contemnaris
523 2299 552 2331 p
646 2288 723 2322 led:
750 2289 786 2322 A
884 2292 926 2322 14
951 2299 1038 2322 uero
1059 2288 1109 2333 A]
1130 2299 1194 2323 om.
1217 2288 1339 2332 1⁷ch
1436 2289 1479 2321 17
1485 2286 1589 2321 crdo

253 2338 310 2370 est
335 2347 383 2380 cp
403 2335 514 2370 omV
605 2338 647 2369 23
674 2335 879 2369 sordentib:
907 2336 942 2370 A
