1664 2563
182 761 224 792 10

183 1151 225 1182 15

184 1540 228 1571 20

249 60 334 101 260
688 59 938 94 EXPOSITIO
964 60 1016 94 IN
1040 59 1152 95 HOR.

367 167 442 211 17.
475 184 624 215 QVODSI
654 183 798 210 PRISCA
828 185 864 209 R.
890 168 946 223 v.]
1002 172 1109 210 Idest
1140 173 1174 210 si
1206 171 1256 210 ad
1287 184 1460 210 amorem
1483 171 1585 210 redi-

247 244 334 270 mus
365 232 536 281 priorem
568 226 670 284 (AF
673 231 740 269 bV

368 297 442 341 18.
498 314 595 340 IVGO
639 314 761 340 COGIT
798 298 952 354 AENEO]
1013 302 1076 339 Ad
1112 303 1421 352 perpetuitatem
1455 315 1588 340 reuer-

247 363 367 399 tentis
406 362 556 412 gratiae
588 362 729 412 iugum
761 374 926 399 aeneum
956 362 1107 411 posuit3
1146 374 1211 400 aes
1243 363 1347 399 enim
1378 374 1457 399 non
1488 362 1591 400 sicut

249 421 397 458 serrum
444 421 622 533 rob)igine
666 422 921 459 consumitur.
990 420 1101 458 Vnde
1145 423 1186 458 et
1227 420 1427 471 Vergilius
1471 415 1589 473 (Aen.

248 480 268 516 I
295 481 390 519 295.
419 482 500 518 296
532 493 541 517 ε

953 539 1006 576 Et
1036 541 1196 576 centum
1226 539 1381 577 uinctus
1414 539 1521 577 aenis

460 598 554 636 Post
584 599 739 648 tergum
771 597 895 646 nodis,

249 695 293 730 ut
336 693 449 729 uelut
493 695 694 730 aeternam
737 705 873 742 pacem
910 692 1088 729 futuram
1125 692 1268 730 furoris
1307 705 1421 730 aerea
1457 693 1591 731 uincla

250 754 516 790 monstrarent
544 746 747 804 (AsabV
769 763 866 789 cons.
887 752 1025 799 Porph.

367 818 520 873 ΑΕΝΕΟ]
582 823 703 871 Forti,
735 823 1035 872 inexpugnabili
1067 817 1216 874 (APV

372 889 445 932 19.
479 890 726 944 nxovnrviz]
778 893 853 931 Pro
887 889 1138 943 expellitur-²
1172 889 1298 945 (ΑΓΖ)
1325 905 1369 931 ex
1393 894 1530 941 Porph.

371 959 445 1002 21.
492 976 635 1001 SIDERE
667 961 916 1015 PVLCffRiolz]
971 964 1027 1001 Vt
1059 959 1193 1016 (Very.
1220 964 1317 1002 Aen.
1343 964 1443 1002 Vm
1469 959 1592 1018 589);

429 1046 563 1091 Qualis
597 1046 742 1085 Oceani
772 1048 951 1097 perfusus
982 1047 1139 1085 Lucifer
1170 1047 1275 1085 unda
1306 1042 1465 1100 (Abe

372 1138 448 1180 22.
498 1139 609 1193 ILLE]
672 1142 802 1180 Calais
835 1137 960 1193 (AFb
988 1154 1031 1179 ex
1054 1143 1193 1190 Porph.

372 1208 479 1324 23.)
508 1224 757 1250 IRACVNDIOR
805 1209 949 1263 ADRIA]
1023 1212 1132 1251 Sicut
1180 1213 1283 1250 illud
1332 1207 1438 1265 (Ter.
1463 1212 1593 1253 Andr.

253 1272 314 1309 HI
341 1273 377 1320 3,
406 1273 458 1310 23
488 1285 497 1309 ι

430 1354 664 1392 Amantium
695 1356 777 1392 irae
810 1356 953 1392 amoris
984 1356 1198 1405 integratio
1232 1357 1291 1393 est
1323 1349 1482 1407 (Abe

375 1444 450 1487 24.
501 1461 636 1486 TECVM
666 1462 813 1487 VIVERE
845 1445 902 1500 A0]
963 1449 1018 1486 Vt
1049 1444 1184 1502 (Verq.
1207 1448 1304 1487 Aen.
1331 1449 1372 1486 II
1399 1444 1522 1502 710):

465 1531 554 1568 Vna
585 1532 691 1569 salus
725 1532 910 1569 ambobus
943 1533 1018 1569 erit
1049 1526 1272 1585 (Amo-bf)

372 1638 508 1664 TECVM
541 1622 695 1676 OBEAM]
756 1625 811 1662 Vt
843 1620 980 1677 (Vera.
1005 1626 1066 1663 ecl.
1097 1628 1161 1674 10,
1188 1621 1281 1678 43):

466 1709 610 1747 Tecum
641 1721 888 1746 consumerer
920 1721 1017 1746 aeuo
1051 1703 1154 1760 (AF

375 1849 392 1878 1
419 1845 531 1890 idest]
558 1856 622 1879 om.
644 1845 709 1889 yV
799 1848 818 1878 5
838 1844 1006 1889 robigine
1027 1845 1077 1890 A]
1098 1844 1269 1889 rubigine
1289 1845 1436 1889 Pabcp
1455 1846 1589 1890 Porph.

255 1892 436 1936 rubugine
465 1893 499 1927 V
588 1892 687 1936 uirg:
714 1892 814 1926 codd.
955 1895 972 1925 7
1001 1892 1079 1926 enis
1104 1893 1140 1926 A
1278 1895 1298 1926 8
1324 1893 1498 1937 posterga
1523 1906 1544 1936 γ

257 1942 275 1971 9
303 1949 387 1973 erea
411 1940 447 1973 A
542 1939 668 1973 uincla
693 1940 788 1984 AF]
814 1939 964 1973 uincula
990 1940 1102 1983 05ch
1223 1943 1265 1973 12
1291 1939 1372 1985 pro]
1399 1950 1464 1974 om.
1485 1940 1544 1973 Pb

259 1990 300 2019 13
325 1986 382 2031 ut]
407 1998 437 2033 Cp
463 1987 505 2019 ut
525 1987 559 2020 A
658 1990 699 2019 16
720 1985 814 2019 illud
833 1986 1003 2020 terrentii
1021 1987 1044 2028 f
1137 1990 1178 2020 18
1199 1986 1290 2032 irae]
1311 1986 1366 2020 ira
1385 1988 1433 2030 γὸ
1453 1997 1518 2021 om.
1526 1986 1551 2029 f

232 2068 241 2077 δ
257 2033 391 2066 amoris
428 2033 627 2077 integratio
653 2033 704 2079 A]
742 2033 941 2077 integratio
981 2033 1114 2067 amoris
1147 2035 1203 2068 est
1233 2035 1282 2078 γὸ
1324 2033 1590 2077 redintegratio

258 2080 391 2114 amoris
418 2082 474 2113 est
492 2092 511 2113 r
536 2080 806 2125 redintegracio
833 2081 888 2114 est
913 2081 1047 2114 amoris
1066 2081 1088 2123 f
1181 2084 1222 2114 21
1250 2082 1292 2114 ut
1310 2081 1344 2126 r]
1364 2080 1461 2114 idest
1479 2081 1543 2125 Ay

258 2131 301 2161 22
327 2127 562 2161 consumetur
586 2128 621 2161 A
