1664 2563
624 99 767 135 CARM.
787 100 804 134 Ι
825 104 878 135 14.
902 104 944 135 15
1402 102 1456 143 67

233 209 276 253 5.
326 224 438 250 MALA
475 224 593 251 Dvcls
632 209 719 263 AVI]
781 212 856 251 Pro
901 226 972 251 aue
1015 213 1166 262 posuit,
1210 214 1310 252 idest
1352 215 1456 252 malo

115 274 290 324 auspicio
323 267 645 325 (cons.P0rpl1.)3
689 284 781 322 ergo
818 285 896 310 non
933 273 1040 310 mala
1077 273 1204 321 ducis,
1248 274 1313 311 sed
1352 275 1457 312 mala

62 359 65 374 ,η
115 334 180 372 aui
211 332 515 382 intellegendum
548 334 606 369 est
638 326 768 383 (ΑΓα
786 343 886 370 cons.
906 343 962 379 cp

229 387 273 430 6.
319 387 450 441 QVAm]
505 390 696 428 Helenam
730 385 865 443 (ΑΓα
884 403 954 428 om.
975 402 1031 438 cp

229 451 423 500 ssRepetet
456 444 543 502 (p)]
599 450 788 499 Requiret
821 445 941 503 (Pap
962 462 1032 488 om.
1054 462 1072 487 c

227 510 381 548 *Multo
412 509 538 547 milite
570 504 646 561 (c)]
702 509 828 547 Multo
861 510 1031 547 exercitu
1064 505 1212 562 (Pomp

231 565 272 608 7.
319 580 498 607 GRAECIA
534 581 674 606 MILITE
714 565 964 619 CONIVRATA]
1025 569 1135 606 Inter
1173 570 1377 608 coniurare
1416 573 1455 607 et

107 630 331 678 conspirare
356 629 429 666 hoc
454 629 629 676 interest,
655 628 761 677 quod
788 629 1012 677 conspirare
1038 628 1236 666 interdum
1262 629 1453 667 bonorum

108 690 176 736 est,
208 688 401 725 malorum
434 688 647 726 coniurare.
697 688 815 736 Apud
847 687 1033 725 Aulidem
1066 688 1169 725 enim
1200 691 1452 737 promunctu-

105 748 209 784 rium
252 747 301 784 ab
346 747 524 785 omnibus
564 746 721 784 Graecis
767 747 816 784 ad
858 747 1050 784 excidium
1090 747 1230 785 Troiae
1269 748 1451 785 euntibus

105 807 278 843 iuratum
311 809 386 853 est,
427 806 531 854 quod
562 807 802 844 unanimiter
833 806 1083 854 dimicarent,
1115 809 1160 844 ut
1192 801 1326 859 (VU'IJ-
1353 806 1450 845 Am.

103 865 186 902 1111
213 866 308 903 425.
337 861 459 917 426):

280 948 369 986 Non
396 960 466 997 ego
492 960 579 985 cum
605 947 754 985 Danais
782 948 994 986 Troianam
1020 948 1222 985 excindere
1249 951 1404 998 gentem

281 1007 425 1044 Aulide
457 1008 588 1044 iuraui
621 1002 750 1058 (ΑΓα
770 1019 868 1045 cons.
890 1019 974 1055 ocp

219 1114 410 1139 RVMPERE
459 1098 650 1152 NVPTIAS]
712 1101 797 1139 Hoc
846 1102 934 1139 ideo
985 1102 1129 1139 dicitur
1178 1103 1243 1140 uel
1287 1106 1449 1152 propter

101 1162 270 1198 amantis
303 1161 455 1198 Paridis
494 1162 688 1210 animum,
727 1162 789 1199 cui
826 1161 1097 1210 praedicebat,
1135 1164 1180 1199 ut
1211 1162 1377 1211 doleret,
1416 1164 1448 1200 si

99 1221 319 1270 legitimam
361 1220 557 1269 perderet,
602 1221 665 1258 uel
705 1234 750 1258 ex
782 1220 944 1258 Veneris
983 1222 1194 1270 promisso,
1239 1234 1339 1270 quae
1376 1235 1448 1271 pro

99 1282 282 1329 percepto
313 1280 418 1318 malo
451 1280 532 1317 eius
565 1279 710 1317 iudicio
742 1281 901 1328 nuptias
933 1281 1108 1318 mulieris
1140 1281 1326 1329 pulchrae
1359 1295 1447 1330 pro-

98 1340 260 1377 miserat
292 1334 421 1391 (ΑΓα
441 1350 539 1376 cons.
561 1351 646 1386 ocp

217 1394 258 1436 8.
290 1394 438 1448 VETvs]
492 1398 714 1447 Antiquum
748 1393 878 1451 (ΑΓα

216 1453 261 1495 9.
306 1453 432 1508 ΕΗΕν]
490 1457 735 1508 Significatio
773 1458 924 1495 cladem
962 1458 1139 1495 futuram
1175 1458 1361 1508 dolentis,
1401 1462 1445 1497 ut

99 1511 232 1568 (Very.
260 1515 356 1554 Aen.
385 1516 484 1553 VIII
512 1512 634 1569 537):

272 1599 360 1637 Heu
386 1603 556 1649 quantae
582 1601 735 1638 miseris
762 1600 898 1638 caedes
924 1599 1188 1638 Laurentibus
1215 1601 1383 1638 instant!

97 1689 201 1747 (ΑΓ
215 1706 315 1732 com.
336 1706 392 1742 cp

144 1774 145 1777 =
214 1748 288 1792 10.
321 1750 472 1804 sVDOR]
528 1754 698 1792 Bellicus
730 1755 840 1792 labor
873 1749 929 1806 (A
938 1756 1062 1801 Focp

211 1809 364 1863 movns]
421 1809 534 1864 [Pro]
568 1826 786 1852 commoues
821 1809 967 1866 (Asp,
994 1826 1064 1850 om.
1086 1825 1104 1850 c

216 1867 292 1910 ll.
337 1884 408 1908 IAM
441 1884 606 1910 GALEAM
639 1869 812 1923 PALLAs]
873 1872 979 1910 Bene
1017 1873 1188 1921 primum
1218 1872 1441 1911 Mineruam

93 1931 326 1969 irascentem
363 1933 495 1980 posuit
533 1932 744 1981 adulterio,
788 1934 925 1981 utpote
964 1932 1077 1969 deam
1115 1933 1328 1982 castitatis,
1370 1936 1440 1971 aut

211 2095 230 2124 2
251 2091 352 2125 mala
378 2090 498 2136 ducis]
518 2091 617 2125 mala
640 2091 720 2126 fata
741 2092 844 2126 ducis
859 2103 907 2135 cp
932 2091 1029 2126 male
1049 2092 1135 2126 duci
1150 2106 1173 2126 α
1271 2095 1327 2127 set
1352 2107 1372 2137 γ
1399 2097 1439 2128 ἀΰ

92 2138 229 2173 adsolet
365 2143 384 2172 5
410 2138 587 2184 requiret]
614 2141 759 2184 repetet
784 2154 807 2173 α
834 2150 902 2183 per
926 2140 1184 2185 ‹neyleqentiam
1310 2144 1329 2174 9
1356 2152 1439 2185 pro-

91 2186 345 2220 muncturium
375 2186 424 2231 A]
451 2189 752 2230 promunctorum
779 2199 798 2222 r
834 2187 1151 2231 promunctorium
1176 2201 1228 2232 γα
1266 2199 1441 2232 promun-

93 2232 233 2267 torium
259 2245 277 2268 c
301 2233 593 2278 promontorium
619 2246 670 2278 op
804 2238 846 2268 10
873 2234 967 2268 troie
993 2236 1029 2269 A
1151 2239 1192 2268 11
1220 2236 1276 2280 ut]
1304 2238 1346 2270 ut
1370 2237 1438 2283 uigr

96 2303 173 2347 (sie)
189 2317 212 2337 α
310 2308 352 2338 13
380 2305 462 2350 ego]
487 2292 512 2350 ἓ·
533 2306 590 2350 (=
606 2307 707 2350 ergo)
722 2306 757 2339 A
856 2308 898 2339 18
919 2305 1052 2340 iuditio
1066 2307 1102 2341 A
1200 2306 1326 2351 pulcre
1341 2320 1388 2352 yo

93 2353 136 2383 ‘26
163 2362 228 2394 pro
254 2363 318 2386 om.
341 2353 376 2386 A

1177 2413 1222 2446 5²¹²

1481 757 1523 788 10

1476 1112 1518 1142 15

1473 1409 1517 1440 20

1465 1764 1509 1794 25
