1664 2563
668 62 939 98 PRAEFATIO
1409 59 1477 94 VII

126 179 305 217 f01.248
351 179 535 229 legimus:
581 173 710 214 ‘FINIT
754 187 928 214 Acaoms
968 187 1221 213 COMMENTVM
1259 186 1299 210 IN
1338 184 1477 211 ORATn

127 250 340 276 CARMINVM
377 247 522 274 LIBROS
560 249 621 273 11ss
658 247 904 278 EPODONQVE
942 247 992 272 ET
1034 246 1196 272 CARMEN
1233 228 1474 270 sncvnARE’.

124 297 278 336 Desunt
310 297 458 335 scholia
490 297 532 333 in
564 296 674 345 epod.
710 297 775 343 17,
805 295 994 342 53—81,
1033 306 1246 340 sermones,
1285 293 1475 342 epistulas

123 358 328 405 artemque
359 357 567 405 poeticam.

242 428 398 465 Tertius
442 427 558 465 huius
604 427 756 477 generis
801 426 921 464 codex
965 426 1024 463 est
1063 424 1266 462 Parisinus
1304 423 1475 461 Pseuda-

123 499 333 537 cronianus
361 499 381 544 ζ
405 515 460 528 =
480 497 646 536 Latinus
677 498 802 544 7985,
829 497 1069 543 chartaceus,
1096 496 1244 534 saeculi
1263 495 1347 542 XV,
1380 495 1475 532 olim

123 558 412 596 Mentellianus.
483 556 745 595 Continentur
781 557 855 594 hoc
893 556 994 593 libro
1034 551 1241 593 ‘Acronis'
1281 566 1474 592 commen-

123 619 219 655 tarii
261 619 303 654 in
347 618 539 664 carmina,
590 617 735 654 librum
779 616 949 665 epodon,
993 628 1150 653 carmen
1194 615 1393 652 saeculare
1437 615 1477 651 et

127 674 338 726 ‘anonymi
363 673 578 726 expositio'
600 677 642 713 in
661 676 806 713 Horati
831 678 957 713 artem
975 676 1173 724 poeticam
1193 676 1232 711 et
1252 687 1476 712 sermonum

123 736 245 774 libros
289 748 412 784 usque
457 736 506 773 ad
540 748 567 774 s.
595 735 615 772 I
644 737 680 783 7,
707 736 743 772 4.
806 735 852 772 In
897 734 1135 772 carminibus
1181 735 1220 771 et
1263 733 1398 782 epodis
1437 734 1477 770 et

124 797 297 834 carmine
335 796 529 834 saeculari
566 795 669 832 hunc
707 794 898 841 codicem,
937 795 1031 842 quia
1068 793 1169 831 libro
1194 805 1225 840 p
1263 793 1475 830 admodum

124 856 339 893 uetustiore
366 856 426 892 uti
451 855 576 902 licuit,
602 867 681 892 non
707 854 970 901 adhibuimus,
996 855 1038 890 in
1061 852 1229 891 secundo
1250 865 1343 890 uero
1365 852 1476 889 uolu-

123 916 228 952 mine
266 915 433 952 alteram
469 915 642 963 partem,
685 925 784 962 quae
822 914 863 950 in
902 913 1083 963 catalogo
1117 908 1329 961 ‘anonymi
1361 924 1476 960 expo-

123 971 237 1012 sitio'
259 974 498 1021 nominatur,
527 973 634 1011 haud
660 973 819 1010 omnino
847 972 1107 1021 spernendam
1133 984 1214 1009 esse
1233 972 1476 1020 putauimus,

123 1033 191 1072 sed
222 1033 458 1081 ubicumque
490 1034 561 1070 aut
585 1033 627 1070 in
653 1044 672 1070 c
697 1034 767 1070 aut
792 1033 833 1069 in
860 1033 881 1078 ζ
903 1032 1043 1070 melior
1068 1032 1186 1069 lectio
1213 1031 1476 1080 deprehende—

121 1093 257 1141 batur,
296 1106 383 1130 eam
420 1093 545 1131 solam
583 1093 775 1141 respicere
815 1092 954 1130 solitus
993 1104 1096 1139 sum,
1136 1092 1298 1128 alterius
1331 1090 1476 1129 codicis

127 1165 235 1190 mera
266 1152 408 1190 menda
439 1152 549 1201 prelo
581 1151 770 1189 mandare
801 1152 843 1188 in
874 1164 958 1188 rem
989 1163 1068 1188 non
1100 1163 1181 1188 esse
1214 1150 1317 1187 duxi.

241 1223 323 1262 Hos
367 1223 519 1261 codices
563 1224 695 1260 aetate
734 1235 778 1260 ac
815 1222 994 1260 bonitate
1032 1222 1256 1270 inferiores,
1301 1221 1369 1258 ubi
1407 1222 1477 1258 aut

122 1282 161 1320 A
200 1285 239 1321 et
278 1284 312 1320 V
351 1283 430 1332 ipsi
472 1283 569 1320 satis
613 1282 783 1320 solidum
826 1282 1129 1319 fundamentum
1172 1281 1363 1330 praebent
1407 1282 1477 1318 aut

124 1343 343 1393 singulares
376 1354 511 1379 eorum
543 1342 731 1380 lectiones
761 1342 825 1379 uel
849 1342 1200 1391 interpolationem
1226 1342 1387 1390 sapiunt
1412 1341 1476 1378 uel

123 1415 275 1440 merum
308 1414 491 1449 errorem,
522 1402 565 1438 in
597 1402 835 1450 apparatum
860 1401 1106 1450 recipiendos
1133 1413 1211 1438 non
1238 1401 1474 1438 curauimus.

123 1461 199 1499 Hic
230 1462 313 1499 illic
345 1462 478 1499 autem
510 1462 805 1499 conseruauisse
837 1461 1024 1498 uidentur
1056 1460 1209 1509 aliquid
1235 1461 1330 1507 ueri,
1362 1473 1476 1509 prae-

123 1522 260 1560 sertim
302 1522 344 1558 in
382 1520 496 1558 rebus
535 1520 870 1570 orthographicis:
915 1521 1088 1558 ceterum
1125 1520 1198 1557 hac
1238 1520 1396 1568 quidem
1434 1521 1476 1557 in

122 1594 164 1619 re
213 1582 344 1630 ipsum
393 1580 599 1629 archetypi
649 1581 881 1628 scriptorem
924 1581 1087 1617 minime
1132 1579 1208 1617 sibi
1251 1580 1476 1617 constitisse

122 1641 259 1678 multis
290 1641 386 1678 locis
420 1641 596 1689 apparet,
629 1652 793 1688 eamque
825 1639 874 1677 ob
907 1652 1066 1678 causam
1097 1640 1139 1676 in
1165 1639 1238 1676 hac
1264 1652 1305 1676 re
1331 1652 1379 1676 ne
1405 1651 1476 1677 nos

125 1700 284 1749 quidem
314 1700 606 1737 inconstantiae
639 1700 786 1736 crimen
817 1711 977 1748 prorsus
1009 1700 1211 1748 potuimus
1244 1699 1405 1735 euitare.

242 1759 453 1797 Praeterea
492 1771 580 1796 cum
617 1759 843 1796 recensione
880 1757 966 1796 AV
1001 1758 1289 1807 quodammodo
1329 1770 1476 1795 conexa

124 1820 184 1857 est
214 1820 388 1857 recensio
414 1814 464 1855 F'
484 1835 540 1847 =
567 1818 747 1856 codicum
772 1831 864 1869 νγν,
896 1819 1001 1855 inter
1033 1830 1130 1866 quos
1162 1818 1325 1854 maximi
1356 1818 1477 1866 pretii

124 1880 184 1916 est
214 1878 315 1916 liber
345 1893 386 1926 ν,
423 1878 516 1926 quia
547 1878 589 1914 in
622 1890 739 1915 carm.
766 1877 848 1914 ΙΠΙ
875 1878 1036 1925 2—15,
1070 1877 1192 1926 epod,
1225 1889 1342 1914 carm.
1376 1889 1475 1916 saec.

123 1951 204 1975 non
244 1950 333 1975 cum
370 1950 422 1988 ry
458 1937 573 1985 facit,
617 1950 755 1974 uerum
793 1949 882 1974 cum
914 1935 1055 1984 AVop.
1120 1935 1196 1974 Sed
1234 1949 1476 1985 quamquam

124 1999 164 2035 et
206 1997 475 2046 praestantior
518 1998 557 2033 et
601 1997 797 2034 uetustior
841 1997 900 2034 est
943 1996 1063 2034 codex
1100 2011 1123 2033 ν
1162 2009 1281 2044 quam
1312 2009 1334 2034 r
1372 1998 1411 2033 et
1442 2011 1476 2047 γ,

123 2058 258 2094 tamen
294 2057 582 2106 praetermissis
620 2068 671 2107 νγ
709 2069 752 2093 eo
792 2056 875 2094 solo
908 2057 968 2093 uti
998 2057 1208 2105 propterea
1239 2068 1319 2093 non
1350 2056 1475 2103 licuit,

125 2116 230 2165 quod
261 2131 284 2153 ν
314 2117 399 2165 ipse
430 2115 546 2153 ualde
577 2128 739 2153 mancus
772 2117 840 2153 est.

243 2203 266 2225 ν
305 2189 364 2225 est
401 2187 520 2225 codex
556 2186 801 2224 Horatianus
834 2186 1161 2237 Nienburgensis,
1199 2199 1302 2224 nunc
1334 2186 1476 2225 Dessa-

125 2260 271 2297 niensis
303 2257 353 2306 A,
394 2259 541 2313 saeculi
572 2258 607 2295 X
649 2259 834 2296 ineuntis.
909 2256 1108 2295 Deficiunt
1151 2270 1181 2296 c.
1208 2257 1228 2294 I
1256 2258 1327 2305 13,
1357 2259 1474 2295 19—

126 2317 166 2354 ΙΙ
194 2319 230 2366 9,
260 2319 324 2357 16.
366 2317 427 2355 ΠΙ
454 2319 491 2365 2,
519 2318 675 2365 29—4,
704 2318 768 2356 15.
801 2316 862 2354 ΠΙ
889 2318 926 2363 5,
955 2318 1110 2364 27-7,
1141 2318 1205 2354 12.
1238 2316 1299 2354 III
1326 2318 1362 2365 9,
1391 2318 1476 2354 4—
