1664 2563
149 82 174 123 8
658 80 821 117 EXPOS.
842 81 988 116 METR.

268 192 420 232 Octaua
466 189 548 248 ᾠδή
593 194 741 232 dicolos
785 196 844 232 est
892 194 1125 243 distrophos.
1202 194 1307 232 Nam
1348 196 1500 244 primus

149 266 284 291 uersus
322 253 608 292 choriambicus
647 255 802 291 constat
840 267 886 291 ex
923 253 1148 292 choriambo
1187 255 1226 291 et
1255 254 1404 293 Bachio
1435 255 1499 292 uel

149 313 432 362 amphibrachi.
528 312 728 351 Secundus
785 326 830 350 ex
887 314 1047 363 epitrito
1104 313 1293 362 secundo⁷
1349 313 1499 352 duobus

149 373 384 410 choriambis
430 376 469 410 et
507 372 666 410 Bachio.
742 372 958 422 Vtiturque
1002 373 1077 410 hac
1121 374 1404 422 compositione
1442 385 1499 411 se-

101 442 120 470 5
147 433 237 480 mel,
267 433 342 470 ita:

78 785 121 816 10

78 1084 120 1113 15

76 1380 120 1410 ‘20

362 503 488 552 Lydia
521 503 583 541 dic
614 516 684 552 per
716 515 848 541 omnes

431 563 517 601 Hoc
543 563 635 601 deos
662 576 730 601 oro
758 562 930 600 Sibarim
957 575 1025 600 cur
1050 574 1234 612 properes
1262 563 1439 601 amando.

265 657 380 695 Nona
426 653 507 711 ᾠδή
552 653 713 695 tricolos
758 659 818 695 est
860 658 1159 706 tetrastrophos.
1234 657 1339 696 Nam
1380 659 1501 706 primi

148 717 223 755 duo
262 729 416 765 uersus,
455 718 524 766 qui
554 717 708 754 Alcaici
738 718 949 765 uocantur,
987 718 1170 755 constant
1199 717 1502 766 penthemimeri

147 776 317 814 iambica
350 778 389 814 et
421 776 571 814 duobus
604 776 771 814 dactilis.
835 776 991 814 Tertius
1023 776 1188 814 dimeter
1219 777 1278 814 est
1307 776 1500 815 iambicus

146 836 537 885 hypercatalecticus.
607 835 778 880 Quartus
822 848 916 873 uero
954 836 1224 886 logaoedicus,
1268 837 1337 885 qui
1373 835 1420 873 fit
1456 848 1502 873 ex

147 895 299 933 duobus
331 896 489 933 dactilis
522 897 562 932 et
593 894 744 932 duobus
777 891 1042 945 troch<a>eis.
1092 895 1169 933 Hic
1201 897 1333 934 autem
1365 907 1501 933 uersus

147 951 386 1009 <ἐπᾴδεται>
410 955 513 992 idest
536 955 700 992 ultimus
728 954 945 992 cantandus
972 967 1017 992 ac
1042 968 1112 1004 per
1137 955 1211 993 hoc
1231 955 1500 993 succinendus.

147 1015 362 1064 Vtiturque
394 1015 468 1051 hac
499 1015 616 1052 metri
648 1015 931 1063 compositione
963 1015 1096 1052 tricies
1129 1015 1263 1062 sexies,
1294 1015 1369 1052 itat

360 1073 483 1111 Vides
515 1076 560 1110 ut
592 1073 675 1111 alta
708 1074 785 1110 stet
814 1075 906 1110 niue
939 1073 1151 1111 candidum

362 1132 393 1170 O
427 1135 552 1171 matre
584 1133 750 1182 pulchra
783 1132 865 1170 filia
896 1133 1099 1181 pulchrior

359 1193 485 1230 Velox
516 1205 724 1230 amoenum
755 1188 928 1242 S<a>epe
959 1191 1199 1230 Lucretilem

359 1252 482 1290 Musis
515 1253 664 1289 amicus
696 1252 903 1289 tristitiam
936 1254 975 1289 et
1005 1254 1132 1289 metus

360 1311 476 1349 Natis
508 1313 550 1348 in
581 1323 696 1348 usum
727 1311 905 1349 laetitiae
938 1312 1096 1360 scyphis

360 1370 440 1408 Icci
471 1371 597 1408 beatis
629 1383 732 1408 nunc
764 1370 942 1408 Arabum
972 1370 1127 1408 inuides

361 1429 464 1474 Quid
495 1430 720 1467 dedicatum
751 1431 881 1478 poscit
911 1429 1140 1479 Apollinem

360 1489 504 1527 Parcus
536 1489 697 1526 deorum
730 1490 858 1527 cultor
889 1491 928 1526 et
959 1489 1186 1538 infrequens

362 1547 393 1586 O
427 1549 519 1586 diua
552 1550 710 1598 gratum
742 1561 842 1597 quae
874 1549 978 1599 regis
1010 1548 1177 1586 Antium

268 1677 285 1707 1
315 1673 415 1707 cmc
442 1688 462 1718 γ
490 1673 559 1708 0άο
586 1674 640 1716 af
730 1683 818 1707 nam
845 1694 888 1698 —
915 1672 1121 1719 amphibr:]
1148 1673 1200 1707 sic
1225 1684 1282 1718 yc,
1306 1674 1383 1708 msi
1407 1673 1502 1727 quod

142 1732 212 1765 pro
238 1721 499 1775 amphibrachi
525 1722 579 1766 (ut
598 1721 736 1756 eschibet
755 1722 785 1765 c)
811 1733 853 1754 m
872 1735 893 1766 y
915 1721 1064 1766 legimus
1083 1720 1364 1765 amphimachro
1461 1721 1502 1755 in

148 1769 224 1812 αἴ]
266 1780 318 1803 sac
349 1769 524 1813 scriptum
549 1772 614 1803 est:
653 1768 754 1812 prior
780 1768 879 1802 enim
903 1779 1032 1802 uersus
1058 1767 1219 1802 efficitur
1244 1767 1441 1813 (efficimur
1464 1767 1501 1812 f)

149 1816 337 1850 coriambo
369 1817 407 1850 et
439 1817 519 1860 (om.
541 1817 579 1861 α)
611 1815 887 1860 palimbacchio
914 1815 1147 1860 (palIbachio
1172 1816 1242 1861 ᾖ),
1272 1815 1335 1850 1101
1361 1816 1441 1860 (om.
1462 1817 1501 1860 οι)

149 1863 416 1907 amphibracho
450 1865 529 1907 (om.
551 1866 600 1908 α).
651 1863 852 1908 Vtiturque
884 1863 954 1897 hac
979 1863 1089 1897 metri
1115 1864 1194 1908 (om.
1215 1863 1280 1908 αρ’)
1319 1862 1502 1907 composi-

147 1910 249 1944 tione
283 1910 397 1945 semel
427 1912 576 1945 tantum
607 1911 678 1945 ita:
718 1911 826 1945 Lidia
859 1911 919 1945 dic
950 1922 1016 1955 per
1047 1921 1174 1945 omnes
1270 1911 1315 1954 fj
1340 1910 1503 1945 addunt:

149 1957 339 1992 Secundus
371 1969 459 1992 uero
493 1959 640 1992 constat
666 1969 710 1993 ex
736 1958 888 2003 epitrito
915 1958 1093 2001 secundo,
1133 1957 1276 1992 duobus
1303 1957 1501 1992 coi-iambis

149 2007 186 2039 et
205 2005 459 2049 palimbachio
558 2006 740 2040 secundus
762 2027 805 2031 —
825 2005 960 2040 bachio
981 2016 1046 2040 om.
1062 2006 1176 2051 igitur
1195 2019 1219 2039 oc
1316 2009 1336 2039 8
1358 2005 1459 2039 ωΔΕ
1480 2018 1501 2050 y

149 2052 218 2087 ode
238 2052 290 2095 af
329 2052 497 2106 ‘tricolos
519 2053 585 2098 αρ’]
608 2053 748 2087 dicolos
769 2054 839 2098 yfc
936 2053 1050 2106 9.du0
1071 2063 1090 2087 0
1114 2053 1279 2106 Seruius]
1302 2063 1368 2087 om.
1382 2052 1454 2097 yfj
1474 2099 1480 2105 ι

147 2099 439 2192 Εῗὲἲὲΐὲῖῗῗ
462 2099 1500 2200 {11033333335302‘53Essnsssszffi31003102122113033333

147 2194 482 2239 ypercatalecticus
495 2195 517 2238 j
535 2196 613 2229 sim.
634 2206 653 2229 0
748 2195 857 2240 lagoe
884 2195 1005 2229 dictus
1025 2205 1043 2229 0
1049 2207 1069 2238 y
1095 2194 1209 2239 longa
1234 2204 1278 2228 00
1303 2193 1427 2228 dictus
1446 2206 1500 2238 γα

147 2242 287 2287 longua
313 2241 480 2276 oedjctus
503 2242 526 2284 f
619 2246 662 2276 13
688 2242 786 2277 idest
812 2242 932 2287 yocfj]
960 2246 1044 2277 ante
1069 2222 1182 2276 hamo
1181 2252 1302 2276 uocem
1322 2239 1500 2290 ἐπᾴδεται

147 2290 206 2324 uel
231 2290 374 2333 aliquid
398 2289 515 2324 simzle
540 2290 712 2324 excidisse
733 2294 825 2334 puto
851 2289 926 2334 (hic
947 2311 990 2314 —
1012 2289 1257 2324 succinendus
1282 2299 1357 2323 mm
1374 2277 1502 2343 ‘extant

148 2338 189 2371 in
215 2338 245 2381 c)
271 2338 361 2371 conl.
389 2336 556 2371 Diomecl.
579 2348 617 2380 p.
639 2339 712 2371 485
