1664 2563
213 94 300 135 428
393 93 605 129 EXPOSIT.
634 95 670 129 et
697 93 857 129 SCHOL.
879 105 927 139 cp
951 93 1003 128 IN
1027 93 1139 129 HOR.
1183 93 1320 129 EPOD.
1344 98 1386 129 15

770 251 920 292 EPOD.
951 253 1002 290 15

346 331 418 386 [AD
450 347 617 373 NEERAM
648 348 703 372 DE
734 347 925 374 PERIVRIO
957 347 1183 374 TERNARrvs
1214 347 1390 374 DICOLOS
1423 355 1431 363 ·

686 407 855 432 METRVM
886 407 987 431 IDEM
1020 390 1092 447 (A]

330 489 499 514 METRVM
532 488 642 519 QVOD
676 488 803 516 SVPRA
836 471 893 529 (A

166 566 185 596 5
685 559 929 597 DESINIT
957 561 1036 597 cod.
1055 558 1094 597 A

761 641 941 679 SCHOL.
967 653 1016 690 op

334 719 378 762 l.
404 724 521 762 *Nox
552 727 637 762 erat
669 719 777 777 (012ss
808 725 979 762 Neeram
1012 726 1179 763 amicam
1205 738 1317 764 suam
1344 726 1561 775 alloquitur

211 784 473 832 periuriisque
519 784 601 821 eius
646 796 684 821 se
730 784 936 834 deceptum
980 784 1194 834 signifieat,
1237 784 1345 834 quod
1388 797 1561 823 amorem

212 853 326 879 suum
363 842 405 879 in
443 843 567 880 alium
604 843 890 892 transtulisset,
932 856 1048 892 quem
1085 845 1206 894 negat
1235 846 1468 893 perpetuum
1499 844 1561 881 fu-

142 907 185 938 10
210 902 343 938 turum
376 896 444 954 (cp

333 1013 378 1057 4.
434 1018 509 1055 *111
547 1018 671 1057 uerba
707 1019 865 1057 iurabas
903 1032 990 1057 mea
1022 1014 1111 1072 (pss
1174 1019 1287 1057 Sicut
1323 1032 1395 1070 ego
1432 1022 1561 1058 osten—

212 1076 352 1115 debam
383 1076 459 1114 tibi
490 1079 638 1125 iurare,
675 1079 734 1115 ita
764 1078 941 1126 iurabas,
980 1080 1019 1116 et
1050 1078 1264 1119 secundum
1295 1078 1428 1128 uerba,
1460 1092 1561 1128 quae

211 1136 491 1185 proponebam,
521 1137 682 1174 iurabas
716 1138 840 1174 artius
871 1140 910 1174 te
935 1138 1035 1174 mihi
1060 1138 1308 1176 coniunctam
1333 1138 1415 1176 fore
1441 1151 1561 1187 quam

211 1195 294 1232 ilici
325 1194 510 1233 hederam
544 1190 612 1247 (cp

142 1260 184 1290 15
331 1249 375 1292 5.
408 1254 573 1292 *Artius
608 1249 682 1307 (c)]
738 1254 980 1305 Diligentius
1013 1250 1082 1308 (cp

332 1951 407 1994 11.
464 1955 524 1994 *O
558 1956 731 1994 dolitura
768 1969 855 1994 mea
886 1957 1053 1994 nimium
1085 1971 1122 1995 u.
1149 1958 1196 1995 N.
1224 1952 1300 2011 (c)]
1364 1957 1481 2006 Quia,
1522 1959 1555 1995 si

208 2015 335 2052 iratus
366 2015 490 2063 fuero,
522 2017 769 2053 contemnam
800 2018 840 2053 te
872 2017 911 2053 et
941 2016 1103 2065 incipies
1136 2017 1266 2054 dolere
1298 2011 1366 2069 (cp

332 2067 407 2111 12.
446 2073 578 2111 *Nam
610 2074 741 2123 siquid
772 2075 813 2111 in
845 2074 984 2113 Flacco
1016 2076 1095 2112 uiri
1127 2077 1186 2113 est
1217 2070 1305 2128 (p)]
1366 2074 1472 2112 Idest
1504 2075 1554 2112 si-

211 2130 307 2179 quid
338 2131 457 2168 habet
488 2133 529 2168 in
562 2145 600 2169 se
631 2133 747 2169 uirile
779 2133 969 2171 Horatius
1003 2128 1071 2185 (cp

328 2235 349 2265 4
363 2231 521 2265 metrum
535 2231 634 2274 quod
649 2232 862 2276 superiusB
949 2236 966 2266 7
982 2233 1021 2267 in
1035 2243 1184 2267 neeram
1197 2244 1216 2268 e
1233 2232 1298 2266 AD
1312 2231 1348 2266 N
1348 2231 1516 2265 EERAM
1524 2243 1554 2276 p

210 2280 230 2311 8
257 2278 355 2321 quod
377 2289 406 2321 p
431 2277 495 2321 qui
515 2288 533 2312 c
631 2282 673 2312 13
699 2279 951 2323 proponebam
965 2281 1010 2325 p]
1036 2279 1287 2324 preponebam
1306 2290 1324 2314 c
1422 2283 1464 2313 14
1490 2278 1554 2314 he-

211 2324 300 2358 dera
324 2335 342 2359 e
367 2324 503 2359 hedere
523 2336 553 2369 p
