<?xml version="1.0" encoding="UTF-8"?>
<!DOCTYPE html PUBLIC "-//W3C//DTD XHTML 1.0 Transitional//EN"
    "http://www.w3.org/TR/xhtml1/DTD/xhtml1-transitional.dtd">
<html xmlns="http://www.w3.org/1999/xhtml" xml:lang="en" lang="en">
 <head>
  <title>
</title>
<meta http-equiv="Content-Type" content="text/html;charset=utf-8" />
  <meta name='ocr-system' content='tesseract 3.04.00' />
  <meta name='ocr-capabilities' content='ocr_page ocr_carea ocr_par ocr_line ocrx_word'/>
</head>
<body>
  <div class='ocr_page' id='page_1' title='image "./pseudacronisscho01kelluoft_0221.png"; bbox 0 0 1664 2563; ppageno 0'>
   <div class='ocr_carea' id='block_1_1' title="bbox 650 62 1452 104">
    <p class='ocr_par' dir='ltr' id='par_1_1' title="bbox 650 62 1452 104">
     <span class='ocr_line' id='line_1_1' title="bbox 650 62 1452 104; baseline 0.007 -6"><span class='ocrx_word' id='word_1_1' title='bbox 650 62 793 98; x_wconf 90' lang='lat' dir='ltr'><strong><em>CARM.</em></strong></span> <span class='ocrx_word' id='word_1_2' title='bbox 812 62 844 97; x_wconf 90' lang='grc' dir='ltr'><strong>Π</strong></span> <span class='ocrx_word' id='word_1_3' title='bbox 867 66 908 97; x_wconf 89' lang='grc'>19</span> <span class='ocrx_word' id='word_1_4' title='bbox 1369 63 1452 104; x_wconf 79' lang='lat'>201</span> 
     </span>
    </p>
   </div>
   <div class='ocr_carea' id='block_1_2' title="bbox 629 246 933 284">
    <p class='ocr_par' dir='ltr' id='par_1_2' title="bbox 629 246 933 284">
     <span class='ocr_line' id='line_1_2' title="bbox 629 246 933 284; baseline 0 0"><span class='ocrx_word' id='word_1_5' title='bbox 629 246 784 284; x_wconf 83' lang='lat' dir='ltr'><strong><em>CARM.</em></strong></span> <span class='ocrx_word' id='word_1_6' title='bbox 812 247 852 284; x_wconf 93' lang='lat' dir='ltr'>II</span> <span class='ocrx_word' id='word_1_7' title='bbox 881 248 933 284; x_wconf 87' lang='grc'>19</span> 
     </span>
    </p>
   </div>
   <div class='ocr_carea' id='block_1_3' title="bbox 191 350 1378 407">
    <p class='ocr_par' dir='ltr' id='par_1_3' title="bbox 191 350 1378 407">
     <span class='ocr_line' id='line_1_3' title="bbox 191 350 1378 407; baseline -0.002 -14"><span class='ocrx_word' id='word_1_8' title='bbox 191 352 491 406; x_wconf 74' lang='lat' dir='ltr'>[DrrYRAMBIcE</span> <span class='ocrx_word' id='word_1_9' title='bbox 523 365 789 392; x_wconf 66' lang='lat' dir='ltr'>TETRAconos</span> <span class='ocrx_word' id='word_1_10' title='bbox 823 374 829 380; x_wconf 93' lang='lat'>-</span> <span class='ocrx_word' id='word_1_11' title='bbox 863 366 1032 392; x_wconf 84' lang='lat' dir='ltr'>METRVM</span> <span class='ocrx_word' id='word_1_12' title='bbox 1064 365 1273 392; x_wconf 79' lang='lat' dir='ltr'>ALCAICVM</span> <span class='ocrx_word' id='word_1_13' title='bbox 1306 350 1378 407; x_wconf 83' lang='lat' dir='ltr'>(A]</span> 
     </span>
    </p>
   </div>
   <div class='ocr_carea' id='block_1_4' title="bbox 105 460 1532 1455">
    <p class='ocr_par' dir='ltr' id='par_1_4' title="bbox 106 460 1457 562">
     <span class='ocr_line' id='line_1_4' title="bbox 225 460 1457 498; baseline -0.001 -11"><span class='ocrx_word' id='word_1_14' title='bbox 225 463 394 489; x_wconf 80' lang='lat' dir='ltr'><strong>METRVM</strong></span> <span class='ocrx_word' id='word_1_15' title='bbox 438 461 597 489; x_wconf 85' lang='lat' dir='ltr'><strong>DVOBVS</strong></span> <span class='ocrx_word' id='word_1_16' title='bbox 641 460 838 489; x_wconf 79' lang='lat' dir='ltr'><strong>VERSIBVS</strong></span> <span class='ocrx_word' id='word_1_17' title='bbox 881 461 1108 498; x_wconf 82' lang='lat' dir='ltr'>ALCAICVM,</span> <span class='ocrx_word' id='word_1_18' title='bbox 1153 461 1324 487; x_wconf 79' lang='lat' dir='ltr'>TERTIVS</span> <span class='ocrx_word' id='word_1_19' title='bbox 1368 461 1457 486; x_wconf 84' lang='lat' dir='ltr'>IAM-</span> 
     </span>
     <span class='ocr_line' id='line_1_5' title="bbox 106 504 948 562; baseline -0.002 -14"><span class='ocrx_word' id='word_1_20' title='bbox 106 521 241 559; x_wconf 83' lang='lat' dir='ltr'>BIOVS,</span> <span class='ocrx_word' id='word_1_21' title='bbox 275 521 459 553; x_wconf 78' lang='lat' dir='ltr'><strong>QVARTVS</strong></span> <span class='ocrx_word' id='word_1_22' title='bbox 491 521 736 547; x_wconf 79' lang='lat' dir='ltr'>PINDARICVS</span> <span class='ocrx_word' id='word_1_23' title='bbox 769 504 948 562; x_wconf 80' lang='lat' dir='ltr'>(ABFoc</span> 
     </span>
    </p>

    <p class='ocr_par' dir='ltr' id='par_1_5' title="bbox 106 564 1529 800">
     <span class='ocr_line' id='line_1_6' title="bbox 228 564 1529 620; baseline 0 -13"><span class='ocrx_word' id='word_1_24' title='bbox 228 564 270 608; x_wconf 91' lang='grc'>1.</span> <span class='ocrx_word' id='word_1_25' title='bbox 309 566 561 620; x_wconf 78' lang='lat' dir='ltr'>BA&lt;c&gt;cnvM</span> <span class='ocrx_word' id='word_1_26' title='bbox 592 582 634 606; x_wconf 78' lang='lat' dir='ltr'>m</span> <span class='ocrx_word' id='word_1_27' title='bbox 665 580 843 606; x_wconf 73' lang='lat' dir='ltr'>REMO&#39;rIs</span> <span class='ocrx_word' id='word_1_28' title='bbox 878 580 910 606; x_wconf 91' lang='lat' dir='ltr'>c.</span> <span class='ocrx_word' id='word_1_29' title='bbox 938 581 974 606; x_wconf 82' lang='lat' dir='ltr'>R.</span> <span class='ocrx_word' id='word_1_30' title='bbox 1000 581 1036 607; x_wconf 93' lang='lat' dir='ltr'>v.</span> <span class='ocrx_word' id='word_1_31' title='bbox 1063 565 1122 619; x_wconf 71' lang='lat' dir='ltr'>o]</span> <span class='ocrx_word' id='word_1_32' title='bbox 1178 568 1265 606; x_wconf 88' lang='lat' dir='ltr'>Hac</span> <span class='ocrx_word' id='word_1_33' title='bbox 1296 568 1368 607; x_wconf 89' lang='lat' dir='ltr'>ode</span> <span class='ocrx_word' id='word_1_34' title='bbox 1400 570 1458 606; x_wconf 89' lang='lat' dir='ltr'>in—</span> <span class='ocrx_word' id='word_1_35' title='bbox 1509 576 1529 607; x_wconf 86' lang='lat'>5</span> 
     </span>
     <span class='ocr_line' id='line_1_7' title="bbox 106 628 1458 677; baseline -0.001 -10"><span class='ocrx_word' id='word_1_36' title='bbox 106 629 214 667; x_wconf 86' lang='lat' dir='ltr'>dicat</span> <span class='ocrx_word' id='word_1_37' title='bbox 252 642 275 667; x_wconf 90' lang='lat' dir='ltr'>a</span> <span class='ocrx_word' id='word_1_38' title='bbox 312 642 351 667; x_wconf 91' lang='lat' dir='ltr'>se</span> <span class='ocrx_word' id='word_1_39' title='bbox 389 630 518 666; x_wconf 90' lang='lat' dir='ltr'>uisum</span> <span class='ocrx_word' id='word_1_40' title='bbox 550 628 736 666; x_wconf 90' lang='lat' dir='ltr'>Liberum</span> <span class='ocrx_word' id='word_1_41' title='bbox 772 630 927 677; x_wconf 87' lang='lat' dir='ltr'>patrem</span> <span class='ocrx_word' id='word_1_42' title='bbox 964 629 1005 665; x_wconf 90' lang='lat' dir='ltr'>in</span> <span class='ocrx_word' id='word_1_43' title='bbox 1043 629 1202 666; x_wconf 88' lang='lat' dir='ltr'>secretis</span> <span class='ocrx_word' id='word_1_44' title='bbox 1235 628 1458 666; x_wconf 86' lang='lat' dir='ltr'>nemoribus</span> 
     </span>
     <span class='ocr_line' id='line_1_8' title="bbox 107 688 1459 737; baseline -0.001 -11"><span class='ocrx_word' id='word_1_45' title='bbox 107 689 283 727; x_wconf 85' lang='lat' dir='ltr'>carmina</span> <span class='ocrx_word' id='word_1_46' title='bbox 329 689 532 726; x_wconf 73' lang='lat' dir='ltr'>docentem</span> <span class='ocrx_word' id='word_1_47' title='bbox 576 690 616 726; x_wconf 93' lang='lat' dir='ltr'>et</span> <span class='ocrx_word' id='word_1_48' title='bbox 658 689 772 737; x_wconf 85' lang='lat' dir='ltr'>quasi</span> <span class='ocrx_word' id='word_1_49' title='bbox 815 688 1068 737; x_wconf 84' lang='lat' dir='ltr'>perturbatus</span> <span class='ocrx_word' id='word_1_50' title='bbox 1112 688 1208 725; x_wconf 90' lang='lat' dir='ltr'>uisis</span> <span class='ocrx_word' id='word_1_51' title='bbox 1253 688 1459 736; x_wconf 72' lang='lat' dir='ltr'>exclamat,</span> 
     </span>
     <span class='ocr_line' id='line_1_9' title="bbox 107 741 1457 800; baseline -0.002 -14"><span class='ocrx_word' id='word_1_52' title='bbox 107 749 218 786; x_wconf 89' lang='lat' dir='ltr'>uelut</span> <span class='ocrx_word' id='word_1_53' title='bbox 248 749 514 797; x_wconf 75' lang='lat' dir='ltr'>praesentiam</span> <span class='ocrx_word' id='word_1_54' title='bbox 545 748 717 786; x_wconf 89' lang='lat' dir='ltr'>numinis</span> <span class='ocrx_word' id='word_1_55' title='bbox 749 748 938 785; x_wconf 84' lang='lat' dir='ltr'>sentiens:</span> <span class='ocrx_word' id='word_1_56' title='bbox 972 743 1136 785; x_wconf 80' lang='lat' dir='ltr'>‘euhoe&#39;</span> <span class='ocrx_word' id='word_1_57' title='bbox 1170 741 1457 800; x_wconf 73' lang='lat' dir='ltr'>(AF&#39;aVeoeP.</span> 
     </span>
    </p>

    <p class='ocr_par' dir='ltr' id='par_1_6' title="bbox 105 806 1530 979">
     <span class='ocr_line' id='line_1_10' title="bbox 228 806 1457 845; baseline -0.001 0"><span class='ocrx_word' id='word_1_58' title='bbox 228 806 332 845; x_wconf 89' lang='lat' dir='ltr'>Ordo</span> <span class='ocrx_word' id='word_1_59' title='bbox 365 809 440 845; x_wconf 90' lang='lat' dir='ltr'>est:</span> <span class='ocrx_word' id='word_1_60' title='bbox 473 807 557 844; x_wconf 90' lang='lat' dir='ltr'>uidi</span> <span class='ocrx_word' id='word_1_61' title='bbox 583 807 785 845; x_wconf 83' lang='lat' dir='ltr'>Bacchum</span> <span class='ocrx_word' id='word_1_62' title='bbox 817 807 1020 845; x_wconf 74' lang='lat' dir='ltr'>docentem</span> <span class='ocrx_word' id='word_1_63' title='bbox 1053 807 1229 844; x_wconf 90' lang='lat' dir='ltr'>carmina</span> <span class='ocrx_word' id='word_1_64' title='bbox 1261 808 1302 844; x_wconf 90' lang='lat' dir='ltr'>in</span> <span class='ocrx_word' id='word_1_65' title='bbox 1333 820 1457 844; x_wconf 89' lang='lat' dir='ltr'>remo-</span> 
     </span>
     <span class='ocr_line' id='line_1_11' title="bbox 105 866 1530 916; baseline -0.001 -11"><span class='ocrx_word' id='word_1_66' title='bbox 105 868 157 905; x_wconf 89' lang='lat' dir='ltr'>tis</span> <span class='ocrx_word' id='word_1_67' title='bbox 204 867 367 916; x_wconf 81' lang='lat' dir='ltr'>rupibus</span> <span class='ocrx_word' id='word_1_68' title='bbox 413 869 451 904; x_wconf 91' lang='lat' dir='ltr'>et</span> <span class='ocrx_word' id='word_1_69' title='bbox 494 867 579 904; x_wconf 88' lang='lat' dir='ltr'>uidi</span> <span class='ocrx_word' id='word_1_70' title='bbox 621 866 828 915; x_wconf 85' lang='lat' dir='ltr'>Nymphas</span> <span class='ocrx_word' id='word_1_71' title='bbox 874 866 1066 904; x_wconf 79' lang='lat' dir='ltr'>discentes</span> <span class='ocrx_word' id='word_1_72' title='bbox 1111 869 1151 904; x_wconf 87' lang='lat' dir='ltr'>et</span> <span class='ocrx_word' id='word_1_73' title='bbox 1194 866 1278 903; x_wconf 89' lang='lat' dir='ltr'>uidi</span> <span class='ocrx_word' id='word_1_74' title='bbox 1323 868 1458 904; x_wconf 87' lang='lat' dir='ltr'>acutas</span> <span class='ocrx_word' id='word_1_75' title='bbox 1487 873 1530 904; x_wconf 93' lang='lat'>10</span> 
     </span>
     <span class='ocr_line' id='line_1_12' title="bbox 107 920 1297 979; baseline 0 -15"><span class='ocrx_word' id='word_1_76' title='bbox 107 939 220 964; x_wconf 90' lang='lat' dir='ltr'>aures</span> <span class='ocrx_word' id='word_1_77' title='bbox 253 926 508 976; x_wconf 84' lang='lat' dir='ltr'>capripedum</span> <span class='ocrx_word' id='word_1_78' title='bbox 541 925 787 975; x_wconf 85' lang='lat' dir='ltr'>Satyrorum,</span> <span class='ocrx_word' id='word_1_79' title='bbox 821 925 966 964; x_wconf 77' lang='lat' dir='ltr'>credite</span> <span class='ocrx_word' id='word_1_80' title='bbox 999 926 1147 975; x_wconf 89' lang='lat' dir='ltr'>posteri</span> <span class='ocrx_word' id='word_1_81' title='bbox 1180 920 1297 979; x_wconf 77' lang='lat' dir='ltr'>(F&#39;V</span> 
     </span>
    </p>

    <p class='ocr_par' dir='ltr' id='par_1_7' title="bbox 108 980 1460 1098">
     <span class='ocr_line' id='line_1_13' title="bbox 227 980 1460 1038; baseline -0.002 -14"><span class='ocrx_word' id='word_1_82' title='bbox 227 981 271 1025; x_wconf 75' lang='grc'>2.</span> <span class='ocrx_word' id='word_1_83' title='bbox 314 985 469 1024; x_wconf 86' lang='lat' dir='ltr'>Credite</span> <span class='ocrx_word' id='word_1_84' title='bbox 502 986 650 1035; x_wconf 85' lang='lat' dir='ltr'>posteri</span> <span class='ocrx_word' id='word_1_85' title='bbox 682 980 856 1038; x_wconf 73' lang='lat' dir='ltr'>(vap)]</span> <span class='ocrx_word' id='word_1_86' title='bbox 908 985 1016 1023; x_wconf 86' lang='lat' dir='ltr'>Idest</span> <span class='ocrx_word' id='word_1_87' title='bbox 1048 986 1168 1023; x_wconf 90' lang='lat' dir='ltr'>etiam</span> <span class='ocrx_word' id='word_1_88' title='bbox 1200 997 1270 1022; x_wconf 91' lang='lat' dir='ltr'>uos</span> <span class='ocrx_word' id='word_1_89' title='bbox 1303 985 1460 1033; x_wconf 78' lang='lat' dir='ltr'>credite,</span> 
     </span>
     <span class='ocr_line' id='line_1_14' title="bbox 108 1039 1013 1098; baseline 0 -15"><span class='ocrx_word' id='word_1_90' title='bbox 108 1047 175 1095; x_wconf 85' lang='lat' dir='ltr'>qui</span> <span class='ocrx_word' id='word_1_91' title='bbox 207 1046 365 1084; x_wconf 88' lang='lat' dir='ltr'>uenturi</span> <span class='ocrx_word' id='word_1_92' title='bbox 397 1046 502 1093; x_wconf 89' lang='lat' dir='ltr'>estis,</span> <span class='ocrx_word' id='word_1_93' title='bbox 534 1045 634 1083; x_wconf 87' lang='lat' dir='ltr'>talia</span> <span class='ocrx_word' id='word_1_94' title='bbox 666 1045 813 1083; x_wconf 87' lang='lat' dir='ltr'>dicenti</span> <span class='ocrx_word' id='word_1_95' title='bbox 846 1039 1013 1098; x_wconf 70' lang='lat' dir='ltr'>(yvap</span> 
     </span>
    </p>

    <p class='ocr_par' dir='ltr' id='par_1_8' title="bbox 106 1100 1532 1455">
     <span class='ocr_line' id='line_1_15' title="bbox 227 1100 1460 1156; baseline -0.002 -12"><span class='ocrx_word' id='word_1_96' title='bbox 227 1100 271 1144; x_wconf 83' lang='grc'>3.</span> <span class='ocrx_word' id='word_1_97' title='bbox 334 1116 597 1147; x_wconf 81' lang='lat' dir='ltr'>NIMPHASQVE</span> <span class='ocrx_word' id='word_1_98' title='bbox 648 1100 891 1156; x_wconf 80' lang='lat' dir='ltr'>DISOENTES]</span> <span class='ocrx_word' id='word_1_99' title='bbox 955 1104 1106 1153; x_wconf 76' lang='lat' dir='ltr'>Musas3</span> <span class='ocrx_word' id='word_1_100' title='bbox 1156 1117 1249 1142; x_wconf 90' lang='lat' dir='ltr'>nam</span> <span class='ocrx_word' id='word_1_101' title='bbox 1299 1104 1460 1153; x_wconf 89' lang='lat' dir='ltr'>quidam</span> 
     </span>
     <span class='ocr_line' id='line_1_16' title="bbox 106 1164 1532 1215; baseline 0 -13"><span class='ocrx_word' id='word_1_102' title='bbox 106 1166 236 1215; x_wconf 88' lang='lat' dir='ltr'>ipsum</span> <span class='ocrx_word' id='word_1_103' title='bbox 269 1164 418 1214; x_wconf 81' lang='lat' dir='ltr'>Solem,</span> <span class='ocrx_word' id='word_1_104' title='bbox 456 1166 587 1214; x_wconf 86' lang='lat' dir='ltr'>ipsum</span> <span class='ocrx_word' id='word_1_105' title='bbox 618 1164 863 1213; x_wconf 84' lang='lat' dir='ltr'>Apollinem,</span> <span class='ocrx_word' id='word_1_106' title='bbox 900 1165 1031 1213; x_wconf 90' lang='lat' dir='ltr'>ipsum</span> <span class='ocrx_word' id='word_1_107' title='bbox 1062 1164 1271 1202; x_wconf 88' lang='lat' dir='ltr'>Dionisum</span> <span class='ocrx_word' id='word_1_108' title='bbox 1309 1164 1460 1202; x_wconf 91' lang='lat' dir='ltr'>uolunt.</span> <span class='ocrx_word' id='word_1_109' title='bbox 1490 1171 1532 1202; x_wconf 88' lang='lat'>15</span> 
     </span>
     <span class='ocr_line' id='line_1_17' title="bbox 106 1222 1462 1272; baseline -0.001 -10"><span class='ocrx_word' id='word_1_110' title='bbox 106 1225 211 1262; x_wconf 92' lang='lat' dir='ltr'>Nam</span> <span class='ocrx_word' id='word_1_111' title='bbox 254 1226 300 1261; x_wconf 91' lang='lat' dir='ltr'>ut</span> <span class='ocrx_word' id='word_1_112' title='bbox 342 1224 403 1262; x_wconf 86' lang='lat' dir='ltr'>illi</span> <span class='ocrx_word' id='word_1_113' title='bbox 446 1236 589 1262; x_wconf 90' lang='lat' dir='ltr'>nouem</span> <span class='ocrx_word' id='word_1_114' title='bbox 632 1223 786 1272; x_wconf 84' lang='lat' dir='ltr'>Musae,</span> <span class='ocrx_word' id='word_1_115' title='bbox 829 1224 888 1261; x_wconf 85' lang='lat' dir='ltr'>ita</span> <span class='ocrx_word' id='word_1_116' title='bbox 932 1222 1015 1261; x_wconf 82' lang='lat' dir='ltr'>Soli</span> <span class='ocrx_word' id='word_1_117' title='bbox 1059 1236 1200 1262; x_wconf 89' lang='lat' dir='ltr'>nouem</span> <span class='ocrx_word' id='word_1_118' title='bbox 1245 1224 1381 1261; x_wconf 86' lang='lat' dir='ltr'>circuli</span> <span class='ocrx_word' id='word_1_119' title='bbox 1423 1226 1462 1261; x_wconf 90' lang='lat' dir='ltr'>et</span> 
     </span>
     <span class='ocr_line' id='line_1_18' title="bbox 108 1283 1460 1332; baseline -0.001 -10"><span class='ocrx_word' id='word_1_120' title='bbox 108 1284 274 1323; x_wconf 88' lang='lat' dir='ltr'>Dioniso</span> <span class='ocrx_word' id='word_1_121' title='bbox 325 1284 465 1321; x_wconf 89' lang='lat' dir='ltr'>similis</span> <span class='ocrx_word' id='word_1_122' title='bbox 516 1284 656 1321; x_wconf 79' lang='lat' dir='ltr'>chorus</span> <span class='ocrx_word' id='word_1_123' title='bbox 706 1283 963 1321; x_wconf 85' lang='lat' dir='ltr'>Baccharum.</span> <span class='ocrx_word' id='word_1_124' title='bbox 1038 1283 1156 1321; x_wconf 89' lang='lat' dir='ltr'>Modo</span> <span class='ocrx_word' id='word_1_125' title='bbox 1205 1285 1339 1321; x_wconf 87' lang='lat' dir='ltr'>tamen</span> <span class='ocrx_word' id='word_1_126' title='bbox 1389 1296 1460 1332; x_wconf 90' lang='lat' dir='ltr'>pro</span> 
     </span>
     <span class='ocr_line' id='line_1_19' title="bbox 108 1342 1460 1394; baseline 0.001 -14"><span class='ocrx_word' id='word_1_127' title='bbox 108 1343 232 1381; x_wconf 89' lang='lat' dir='ltr'>Musis</span> <span class='ocrx_word' id='word_1_128' title='bbox 282 1343 488 1392; x_wconf 80' lang='lat' dir='ltr'>Nymphas</span> <span class='ocrx_word' id='word_1_129' title='bbox 538 1343 692 1380; x_wconf 90' lang='lat' dir='ltr'>inducit</span> <span class='ocrx_word' id='word_1_130' title='bbox 741 1344 917 1380; x_wconf 84' lang='lat' dir='ltr'>carmina</span> <span class='ocrx_word' id='word_1_131' title='bbox 967 1342 1180 1380; x_wconf 87' lang='lat' dir='ltr'>audientes.</span> <span class='ocrx_word' id='word_1_132' title='bbox 1260 1343 1460 1394; x_wconf 85' lang='lat' dir='ltr'>Vergilius</span> 
     </span>
     <span class='ocr_line' id='line_1_20' title="bbox 110 1397 1188 1455; baseline -0.001 -15"><span class='ocrx_word' id='word_1_133' title='bbox 110 1416 181 1452; x_wconf 91' lang='lat' dir='ltr'>pro</span> <span class='ocrx_word' id='word_1_134' title='bbox 212 1403 336 1440; x_wconf 90' lang='lat' dir='ltr'>Musis</span> <span class='ocrx_word' id='word_1_135' title='bbox 370 1403 553 1440; x_wconf 87' lang='lat' dir='ltr'>similiter</span> <span class='ocrx_word' id='word_1_136' title='bbox 584 1402 789 1452; x_wconf 84' lang='lat' dir='ltr'>Nymphas</span> <span class='ocrx_word' id='word_1_137' title='bbox 823 1398 905 1454; x_wconf 77' lang='lat' dir='ltr'>(ecl.</span> <span class='ocrx_word' id='word_1_138' title='bbox 935 1404 972 1451; x_wconf 85' lang='lat'>7,</span> <span class='ocrx_word' id='word_1_139' title='bbox 1001 1404 1065 1440; x_wconf 83' lang='lat'>21.</span> <span class='ocrx_word' id='word_1_140' title='bbox 1096 1397 1188 1455; x_wconf 73' lang='lat'>22):</span> 
     </span>
    </p>
   </div>
   <div class='ocr_carea' id='block_1_5' title="bbox 285 1485 1533 1599">
    <p class='ocr_par' dir='ltr' id='par_1_9' title="bbox 285 1485 1533 1599">
     <span class='ocr_line' id='line_1_21' title="bbox 285 1485 1533 1536; baseline -0.002 -12"><span class='ocrx_word' id='word_1_141' title='bbox 285 1486 507 1536; x_wconf 87' lang='lat' dir='ltr'>Nymphae,</span> <span class='ocrx_word' id='word_1_142' title='bbox 533 1488 665 1524; x_wconf 90' lang='lat' dir='ltr'>noster</span> <span class='ocrx_word' id='word_1_143' title='bbox 686 1499 806 1535; x_wconf 86' lang='lat' dir='ltr'>amor,</span> <span class='ocrx_word' id='word_1_144' title='bbox 826 1485 1058 1534; x_wconf 84' lang='lat' dir='ltr'>Libetrides,</span> <span class='ocrx_word' id='word_1_145' title='bbox 1085 1489 1155 1523; x_wconf 92' lang='lat' dir='ltr'>aut</span> <span class='ocrx_word' id='word_1_146' title='bbox 1174 1486 1272 1523; x_wconf 91' lang='lat' dir='ltr'>mihi</span> <span class='ocrx_word' id='word_1_147' title='bbox 1294 1498 1463 1534; x_wconf 83' lang='lat' dir='ltr'>carmen,</span> <span class='ocrx_word' id='word_1_148' title='bbox 1489 1492 1533 1523; x_wconf 78' lang='lat'>20</span> 
     </span>
     <span class='ocr_line' id='line_1_22' title="bbox 286 1540 1185 1599; baseline 0.002 -17"><span class='ocrx_word' id='word_1_149' title='bbox 286 1544 409 1590; x_wconf 80' lang='lat' dir='ltr'>Quale</span> <span class='ocrx_word' id='word_1_150' title='bbox 440 1558 527 1584; x_wconf 88' lang='lat' dir='ltr'>meo</span> <span class='ocrx_word' id='word_1_151' title='bbox 561 1545 700 1595; x_wconf 85' lang='lat' dir='ltr'>Codro,</span> <span class='ocrx_word' id='word_1_152' title='bbox 732 1546 933 1584; x_wconf 90' lang='lat' dir='ltr'>concedite</span> <span class='ocrx_word' id='word_1_153' title='bbox 966 1540 1140 1599; x_wconf 77' lang='lat' dir='ltr'>(AF&#39;af</span> <span class='ocrx_word' id='word_1_154' title='bbox 1149 1546 1185 1584; x_wconf 89' lang='lat' dir='ltr'><strong><em>V</em></strong></span> 
     </span>
    </p>
   </div>
   <div class='ocr_carea' id='block_1_6' title="bbox 107 1636 1534 1931">
    <p class='ocr_par' dir='ltr' id='par_1_10' title="bbox 107 1636 1464 1753">
     <span class='ocr_line' id='line_1_23' title="bbox 227 1636 1464 1692; baseline -0.002 -13"><span class='ocrx_word' id='word_1_155' title='bbox 227 1636 272 1680; x_wconf 83' lang='lat'>4.</span> <span class='ocrx_word' id='word_1_156' title='bbox 331 1653 592 1679; x_wconf 81' lang='lat' dir='ltr'>CAPRIPEDVM</span> <span class='ocrx_word' id='word_1_157' title='bbox 637 1637 888 1692; x_wconf 72' lang='lat' dir='ltr'>SATIRORVM]</span> <span class='ocrx_word' id='word_1_158' title='bbox 951 1640 1079 1679; x_wconf 87' lang='lat' dir='ltr'>Panas</span> <span class='ocrx_word' id='word_1_159' title='bbox 1118 1640 1219 1677; x_wconf 83' lang='lat' dir='ltr'>dixit</span> <span class='ocrx_word' id='word_1_160' title='bbox 1256 1653 1464 1689; x_wconf 85' lang='lat' dir='ltr'>caprarum</span> 
     </span>
     <span class='ocr_line' id='line_1_24' title="bbox 107 1695 620 1753; baseline 0 -15"><span class='ocrx_word' id='word_1_161' title='bbox 107 1701 225 1750; x_wconf 87' lang='lat' dir='ltr'>pedes</span> <span class='ocrx_word' id='word_1_162' title='bbox 257 1700 445 1739; x_wconf 86' lang='lat' dir='ltr'>habentes</span> <span class='ocrx_word' id='word_1_163' title='bbox 477 1695 620 1753; x_wconf 77' lang='lat' dir='ltr'><strong><em>(AF&#39;f</em></strong></span> 
     </span>
    </p>

    <p class='ocr_par' dir='ltr' id='par_1_11' title="bbox 107 1756 1534 1872">
     <span class='ocr_line' id='line_1_25' title="bbox 227 1756 1464 1811; baseline -0.001 -14"><span class='ocrx_word' id='word_1_164' title='bbox 227 1756 403 1811; x_wconf 79' lang='lat' dir='ltr'>ACVTAs]</span> <span class='ocrx_word' id='word_1_165' title='bbox 466 1760 520 1798; x_wconf 87' lang='lat' dir='ltr'>Et</span> <span class='ocrx_word' id='word_1_166' title='bbox 561 1760 610 1797; x_wconf 89' lang='lat' dir='ltr'>ad</span> <span class='ocrx_word' id='word_1_167' title='bbox 650 1759 889 1798; x_wconf 89' lang='lat' dir='ltr'>audiendum</span> <span class='ocrx_word' id='word_1_168' title='bbox 928 1761 967 1797; x_wconf 87' lang='lat' dir='ltr'>et</span> <span class='ocrx_word' id='word_1_169' title='bbox 1004 1759 1054 1796; x_wconf 86' lang='lat' dir='ltr'>ad</span> <span class='ocrx_word' id='word_1_170' title='bbox 1091 1760 1270 1808; x_wconf 85' lang='lat' dir='ltr'>ipsarum</span> <span class='ocrx_word' id='word_1_171' title='bbox 1309 1759 1464 1796; x_wconf 86' lang='lat' dir='ltr'>aurium</span> 
     </span>
     <span class='ocr_line' id='line_1_26' title="bbox 107 1814 1534 1872; baseline 0 -15"><span class='ocrx_word' id='word_1_172' title='bbox 107 1819 275 1871; x_wconf 87' lang='lat' dir='ltr'>figuram</span> <span class='ocrx_word' id='word_1_173' title='bbox 308 1814 436 1872; x_wconf 76' lang='lat' dir='ltr'>(AFf</span> <span class='ocrx_word' id='word_1_174' title='bbox 456 1831 499 1857; x_wconf 68' lang='lat' dir='ltr'>ea:</span> <span class='ocrx_word' id='word_1_175' title='bbox 525 1820 664 1867; x_wconf 74' lang='lat' dir='ltr'>Porph.</span> <span class='ocrx_word' id='word_1_176' title='bbox 1490 1825 1534 1857; x_wconf 76' lang='lat'>‘25</span> 
     </span>
    </p>

    <p class='ocr_par' dir='ltr' id='par_1_12' title="bbox 230 1873 1007 1931">
     <span class='ocr_line' id='line_1_27' title="bbox 230 1873 1007 1931; baseline -0.003 -14"><span class='ocrx_word' id='word_1_177' title='bbox 230 1874 273 1918; x_wconf 85' lang='grc'>8.</span> <span class='ocrx_word' id='word_1_178' title='bbox 325 1879 466 1917; x_wconf 87' lang='lat' dir='ltr'>Thirso</span> <span class='ocrx_word' id='word_1_179' title='bbox 500 1873 597 1931; x_wconf 81' lang='lat' dir='ltr'>(V)]</span> <span class='ocrx_word' id='word_1_180' title='bbox 654 1878 807 1916; x_wconf 86' lang='lat' dir='ltr'>Fronde</span> <span class='ocrx_word' id='word_1_181' title='bbox 840 1873 1007 1930; x_wconf 73' lang='lat' dir='ltr'>(yvap</span> 
     </span>
    </p>
   </div>
   <div class='ocr_carea' id='block_1_7' title="bbox 109 2038 1463 2369">
    <p class='ocr_par' dir='ltr' id='par_1_13' title="bbox 109 2038 1463 2369">
     <span class='ocr_line' id='line_1_28' title="bbox 231 2038 1417 2085; baseline 0 -11"><span class='ocrx_word' id='word_1_182' title='bbox 231 2044 272 2074; x_wconf 92' lang='grc'>11</span> <span class='ocrx_word' id='word_1_183' title='bbox 295 2042 413 2083; x_wconf 84' lang='lat' dir='ltr'>satyr:</span> <span class='ocrx_word' id='word_1_184' title='bbox 435 2040 499 2085; x_wconf 75' lang='lat' dir='ltr'>cp]</span> <span class='ocrx_word' id='word_1_185' title='bbox 521 2039 627 2074; x_wconf 85' lang='lat' dir='ltr'>satir:</span> <span class='ocrx_word' id='word_1_186' title='bbox 652 2039 697 2073; x_wconf 90' lang='grc' dir='ltr'>Γ’</span> <span class='ocrx_word' id='word_1_187' title='bbox 710 2040 743 2074; x_wconf 89' lang='lat' dir='ltr'><em>V</em></span> <span class='ocrx_word' id='word_1_188' title='bbox 835 2038 974 2073; x_wconf 85' lang='lat' dir='ltr'>credite</span> <span class='ocrx_word' id='word_1_189' title='bbox 994 2039 1134 2083; x_wconf 88' lang='lat' dir='ltr'>posteri</span> <span class='ocrx_word' id='word_1_190' title='bbox 1154 2040 1211 2074; x_wconf 64' lang='lat' dir='ltr'>hic</span> <span class='ocrx_word' id='word_1_191' title='bbox 1231 2051 1327 2074; x_wconf 63' lang='lat' dir='ltr'>omas</span> <span class='ocrx_word' id='word_1_192' title='bbox 1339 2040 1417 2083; x_wconf 74' lang='lat' dir='ltr'>ch</span> 
     </span>
     <span class='ocr_line' id='line_1_29' title="bbox 112 2087 1415 2132; baseline -0.001 -11"><span class='ocrx_word' id='word_1_193' title='bbox 112 2091 154 2121; x_wconf 80' lang='lat'>15</span> <span class='ocrx_word' id='word_1_194' title='bbox 193 2087 328 2132; x_wconf 82' lang='lat' dir='ltr'>(ipsum</span> <span class='ocrx_word' id='word_1_195' title='bbox 350 2105 392 2116; x_wconf 85' lang='lat'>=</span> <span class='ocrx_word' id='word_1_196' title='bbox 415 2087 590 2131; x_wconf 86' lang='lat' dir='ltr'>eundem,</span> <span class='ocrx_word' id='word_1_197' title='bbox 629 2087 724 2131; x_wconf 70' lang='lat' dir='ltr'>quod</span> <span class='ocrx_word' id='word_1_198' title='bbox 763 2087 906 2130; x_wconf 70' lang='lat' dir='ltr'>quidem</span> <span class='ocrx_word' id='word_1_199' title='bbox 944 2087 1181 2131; x_wconf 57' lang='lat' dir='ltr'>z&#39;vzterpolamsst</span> <span class='ocrx_word' id='word_1_200' title='bbox 1221 2087 1415 2131; x_wconf 73' lang='lat' dir='ltr'>Cruqm‘us)</span> 
     </span>
     <span class='ocr_line' id='line_1_30' title="bbox 110 2133 1417 2178; baseline 0.001 -10"><span class='ocrx_word' id='word_1_201' title='bbox 110 2134 311 2169; x_wconf 91' lang='lat' dir='ltr'>dionisium</span> <span class='ocrx_word' id='word_1_202' title='bbox 336 2135 437 2170; x_wconf 80' lang='lat' dir='ltr'>codd.</span> <span class='ocrx_word' id='word_1_203' title='bbox 540 2138 580 2168; x_wconf 81' lang='lat'>17</span> <span class='ocrx_word' id='word_1_204' title='bbox 610 2134 765 2178; x_wconf 87' lang='lat' dir='ltr'>dyoniso</span> <span class='ocrx_word' id='word_1_205' title='bbox 780 2135 816 2168; x_wconf 98' lang='lat' dir='ltr'><strong><em>A</em></strong></span> <span class='ocrx_word' id='word_1_206' title='bbox 843 2133 1012 2177; x_wconf 89' lang='lat' dir='ltr'>dionysio</span> <span class='ocrx_word' id='word_1_207' title='bbox 1022 2146 1051 2178; x_wconf 77' lang='lat' dir='ltr'>p</span> <span class='ocrx_word' id='word_1_208' title='bbox 1078 2134 1238 2169; x_wconf 86' lang='lat' dir='ltr'>dionisio</span> <span class='ocrx_word' id='word_1_209' title='bbox 1255 2134 1327 2169; x_wconf 87' lang='grc' dir='ltr'>Γά</span> <span class='ocrx_word' id='word_1_210' title='bbox 1336 2136 1358 2178; x_wconf 74' lang='lat' dir='ltr'><em>f</em></span> <span class='ocrx_word' id='word_1_211' title='bbox 1369 2135 1417 2169; x_wconf 84' lang='lat' dir='ltr'>Vc</span> 
     </span>
     <span class='ocr_line' id='line_1_31' title="bbox 110 2181 1462 2228; baseline -0.001 -12"><span class='ocrx_word' id='word_1_212' title='bbox 110 2182 243 2216; x_wconf 81' lang='lat' dir='ltr'>similis</span> <span class='ocrx_word' id='word_1_213' title='bbox 257 2183 293 2217; x_wconf 94' lang='lat' dir='ltr'><strong><em>A</em></strong></span> <span class='ocrx_word' id='word_1_214' title='bbox 304 2182 377 2217; x_wconf 83' lang='grc' dir='ltr'>Γά</span> <span class='ocrx_word' id='word_1_215' title='bbox 385 2183 422 2228; x_wconf 81' lang='lat' dir='ltr'>f]</span> <span class='ocrx_word' id='word_1_216' title='bbox 439 2181 611 2217; x_wconf 84' lang='lat' dir='ltr'>similiter</span> <span class='ocrx_word' id='word_1_217' title='bbox 626 2183 674 2217; x_wconf 84' lang='lat' dir='ltr'>Vc</span> <span class='ocrx_word' id='word_1_218' title='bbox 676 2193 705 2226; x_wconf 77' lang='lat' dir='ltr'>p</span> <span class='ocrx_word' id='word_1_219' title='bbox 784 2181 988 2215; x_wconf 85' lang='lat' dir='ltr'>bacharum</span> <span class='ocrx_word' id='word_1_220' title='bbox 1002 2183 1038 2216; x_wconf 91' lang='lat' dir='ltr'><strong><em>A</em></strong></span> <span class='ocrx_word' id='word_1_221' title='bbox 1138 2186 1179 2216; x_wconf 87' lang='grc'>18</span> <span class='ocrx_word' id='word_1_222' title='bbox 1193 2181 1377 2226; x_wconf 84' lang='lat' dir='ltr'>nymphas</span> <span class='ocrx_word' id='word_1_223' title='bbox 1393 2182 1462 2227; x_wconf 58' lang='grc' dir='ltr'>γρ]</span> 
     </span>
     <span class='ocr_line' id='line_1_32' title="bbox 109 2229 1461 2275; baseline -0.001 -12"><span class='ocrx_word' id='word_1_224' title='bbox 109 2229 284 2274; x_wconf 84' lang='lat' dir='ltr'>nimphas</span> <span class='ocrx_word' id='word_1_225' title='bbox 317 2235 391 2265; x_wconf 72' lang='lat' dir='ltr'>cett.</span> <span class='ocrx_word' id='word_1_226' title='bbox 527 2230 627 2275; x_wconf 82' lang='lat' dir='ltr'>uirg:</span> <span class='ocrx_word' id='word_1_227' title='bbox 655 2230 756 2264; x_wconf 78' lang='lat' dir='ltr'>codd.</span> <span class='ocrx_word' id='word_1_228' title='bbox 906 2233 947 2263; x_wconf 85' lang='lat'>19</span> <span class='ocrx_word' id='word_1_229' title='bbox 975 2229 1149 2264; x_wconf 85' lang='lat' dir='ltr'>similiter</span> <span class='ocrx_word' id='word_1_230' title='bbox 1180 2241 1246 2274; x_wconf 88' lang='lat' dir='ltr'>pro</span> <span class='ocrx_word' id='word_1_231' title='bbox 1280 2229 1395 2263; x_wconf 82' lang='lat' dir='ltr'>musis</span> <span class='ocrx_word' id='word_1_232' title='bbox 1422 2240 1461 2262; x_wconf 91' lang='lat' dir='ltr'>n:</span> 
     </span>
     <span class='ocr_line' id='line_1_33' title="bbox 111 2276 1463 2322; baseline -0.001 -11"><span class='ocrx_word' id='word_1_233' title='bbox 111 2279 253 2322; x_wconf 76' lang='lat' dir='ltr'>oevap</span> <span class='ocrx_word' id='word_1_234' title='bbox 372 2277 546 2322; x_wconf 87' lang='lat' dir='ltr'>nimphas</span> <span class='ocrx_word' id='word_1_235' title='bbox 574 2279 609 2312; x_wconf 90' lang='lat' dir='ltr'><strong><em>A</em></strong></span> <span class='ocrx_word' id='word_1_236' title='bbox 641 2281 743 2320; x_wconf 77' lang='lat' dir='ltr'>(recte</span> <span class='ocrx_word' id='word_1_237' title='bbox 770 2277 817 2321; x_wconf 81' lang='grc' dir='ltr'>Γ)</span> <span class='ocrx_word' id='word_1_238' title='bbox 964 2280 1008 2310; x_wconf 80' lang='lat'>20</span> <span class='ocrx_word' id='word_1_239' title='bbox 1034 2277 1221 2321; x_wconf 86' lang='lat' dir='ltr'>nymphae</span> <span class='ocrx_word' id='word_1_240' title='bbox 1242 2278 1285 2322; x_wconf 78' lang='lat' dir='ltr'>p]</span> <span class='ocrx_word' id='word_1_241' title='bbox 1312 2276 1463 2322; x_wconf 69' lang='lat' dir='ltr'>nimphe</span> 
     </span>
     <span class='ocr_line' id='line_1_34' title="bbox 112 2323 859 2369; baseline 0 -11"><span class='ocrx_word' id='word_1_242' title='bbox 112 2325 248 2368; x_wconf 79' lang='lat' dir='ltr'>AFocf</span> <span class='ocrx_word' id='word_1_243' title='bbox 266 2325 419 2369; x_wconf 83' lang='lat' dir='ltr'>nimphe</span> <span class='ocrx_word' id='word_1_244' title='bbox 445 2326 525 2363; x_wconf 75' lang='lat' dir='ltr'>va</span> <span class='ocrx_word' id='word_1_245' title='bbox 622 2329 664 2358; x_wconf 78' lang='lat'>21</span> <span class='ocrx_word' id='word_1_246' title='bbox 693 2323 803 2368; x_wconf 65' lang='lat' dir='ltr'>quale</span> <span class='ocrx_word' id='word_1_247' title='bbox 824 2325 859 2358; x_wconf 88' lang='lat' dir='ltr'><strong><em>A</em></strong></span> 
     </span>
    </p>
   </div>
  </div>
 </body>
</html>
