1664 2563
220 71 303 112 164
658 71 908 107 EXPOSITIO
934 71 986 106 IN
1010 71 1121 106 HOR.

755 254 909 292 OARM.
936 254 977 291 Π
1003 255 1026 292 9

542 357 833 411 [PARAms‘rioE
865 372 1128 399 TETRAOOLOS
1162 355 1235 414 (A]

336 467 503 492 METRVM
540 466 697 494 DVOBVS
735 467 930 494 vnnsmvs
961 467 1187 503 ALCAICVM‚
1225 467 1560 502 TERTIVS-mium-

220 525 305 562 (ΝΞ,
337 527 389 551 v'r
421 526 566 562 SVPRA3
599 526 783 557 QVARTVS
815 526 1058 553 PINDAmcvs
1091 510 1149 567 (A
1169 515 1225 552 bis
1244 515 1355 552 BFoc

173 580 193 611 5
343 568 384 611 1.
423 585 504 610 NON
536 585 694 611 SEMPER
724 585 872 611 IMBRns
904 586 1074 612 Nvssissvs
1106 569 1325 625 HYSPIDOS]
1374 573 1562 625 Valgium

220 632 293 669 hac
330 632 401 669 ode
434 633 675 670 consularem
708 633 924 681 alloquitur
956 635 1123 670 amicum
1155 646 1286 680 suum⁷
1326 646 1442 682 quem
1472 645 1560 671 con-

219 692 369 729 solatur
394 691 535 740 Mystis
566 692 678 740 pueri
710 692 869 729 delicati
897 693 957 729 sui
982 694 1148 730 mortem
1173 692 1349 742 grauiter
1373 693 1563 730 ferentem

222 746 285 802 (ew
315 750 492 799 Porph.),
532 751 710 789 indicans
747 752 852 789 mala
889 751 1111 788 hominibus
1149 764 1227 789 non
1265 763 1346 789 esse
1377 753 1564 799 continua

221 806 278 862 (A
292 811 330 846 Γ
337 825 361 846 α

152 876 195 907 10
339 865 546 919 mspmos]
604 869 814 907 Sentuosos
847 864 948 921 (AF

342 923 385 966 2.
438 924 630 978 CASPIVM]
688 928 914 977 Scythicum
947 924 1049 980 (AF

341 982 385 1025 3.
435 986 705 1036 INAEQVALES]
763 987 926 1036 Iniquae
959 982 1062 1039 (AF

340 1040 384 1084 4.
434 1042 584 1097 VSQVE]
640 1046 697 1083 Ac
729 1047 762 1084 si
794 1047 955 1084 diceret:
988 1059 1139 1094 semper
1170 1040 1272 1098 (AF

342 1100 385 1143 5.
419 1116 520 1141 STAT
549 1116 718 1143 GLACIES
745 1102 881 1156 mnus]
913 1106 995 1142 Aut
1021 1118 1120 1154 quae
1147 1118 1302 1143 cursum
1327 1105 1459 1155 gelata
1484 1118 1564 1143 non

152 1171 194 1202 15
222 1164 352 1211 habet⁷
369 1166 454 1200 ,aut
484 1177 584 1212 quae
616 1166 819 1201 nimietate
850 1165 1007 1214 frigoris
1034 1166 1165 1214 pigros
1192 1163 1337 1202 efficiat
1361 1159 1464 1217 (AF
1473 1165 1510 1202 V

342 1218 383 1261 7.
417 1220 651 1273 QVERCETA]
684 1223 738 1261 Vt
763 1225 899 1272 pineta
925 1226 964 1261 et
989 1224 1172 1271 esculeta,
1203 1224 1259 1261 sic
1285 1225 1323 1261 et
1349 1225 1563 1272 querqueta

223 1284 355 1331 posuit
387 1277 488 1335 (AF
498 1283 534 1320 V
554 1283 600 1329 cf.
627 1283 765 1330 Porph.

340 1336 384 1380 8.
435 1354 484 1377 ΕΤ
523 1353 653 1378 Fomis
691 1354 924 1390 VIDVANTVR
962 1338 1074 1392 ORNI]
1137 1342 1227 1378 Non
1264 1353 1416 1390 semper
1456 1342 1562 1379 foliis

221 1400 436 1437 uiduantur
471 1400 645 1448 arbores,
688 1401 761 1438 hoc
799 1404 872 1438 est:
917 1401 1009 1437 dum
1046 1402 1088 1437 in
1126 1401 1305 1438 omnibus
1343 1401 1447 1438 uices
1484 1401 1565 1438 sint

151 1465 196 1497 20
222 1462 453 1508 temporum,
485 1461 713 1497 continuare
745 1461 894 1497 luctum
918 1460 1106 1509 Valgium
1137 1472 1216 1497 non
1246 1459 1383 1497 debere
1417 1453 1570 1512 (AFV

340 1513 385 1556 9.
430 1531 481 1555 TV
514 1530 670 1555 SEMPER
702 1515 851 1569 VRGEs]
901 1519 1101 1556 Instanter
1132 1521 1170 1555 et
1201 1518 1465 1556 indesinenter
1495 1518 1562 1556 fles

223 1572 326 1629 (AF
345 1578 462 1615 om.V
482 1578 527 1624 cf.
555 1578 693 1625 Porplz.

341 1648 575 1673 FLEssimssvs
628 1632 772 1686 moms]
835 1635 935 1680 Quia
983 1639 1099 1685 poeta
1150 1638 1233 1674 erat
1281 1636 1464 1686 Valgius⁷
1521 1637 1560 1673 et

223 1691 493 1745 m<a>erorem
523 1707 636 1732 suum
666 1696 853 1733 luctuosis
886 1695 1121 1732 carminibus
1153 1695 1357 1732 solabatur
1389 1690 1564 1747 (AFoeV

152 1761 197 1792 25
345 1749 420 1792 10.
463 1751 706 1804 ADEMPTVM]
756 1755 975 1803 Tamquam
1006 1767 1083 1791 non
1114 1756 1313 1791 mortuum
1343 1753 1464 1802 fleret,
1495 1754 1563 1792 sed

224 1813 365 1850 solatio
397 1825 466 1851 suo
499 1813 726 1862 ademptum
758 1808 908 1865 (AFV

345 1941 364 1970 3
384 1938 542 1971 metrum
561 1958 607 1962 —
626 1938 682 1983 ut]
703 1939 862 1971 metrum
882 1937 1063 1971 alcaicum
1083 1936 1225 1971 duobus
1245 1936 1413 1971 uersibus
1432 1938 1518 1971 utB

226 1985 383 2017 metrum
408 1984 447 2018 in
468 1984 610 2018 duobus
632 1984 813 2018 alcaicum
828 1985 862 2018 A
877 1985 1021 2019 athaloco
1040 1985 1199 2018 metrum
1219 1984 1401 2018 alcaicum
1420 1984 1563 2018 duobus

225 2031 393 2064 uersibus
420 2031 602 2065 alcaicum
621 2033 697 2076 (sic)
719 2033 754 2066 A
774 2033 835 2066 alt.
857 2033 878 2065 l.
898 2033 1056 2065 metrum
1076 2031 1219 2065 duobus
1238 2031 1406 2065 uersibus
1426 2030 1564 2065 alchai-

227 2089 311 2111 cum
338 2080 398 2111 Fa
535 2078 716 2112 iambicus
742 2080 785 2112 ut
810 2089 921 2122 supra
947 2080 982 2112 A
1001 2080 1063 2113 αῐΐ.
1085 2080 1159 2113 loco
1179 2078 1256 2123 Γα]
1281 2077 1502 2112 nouenarius
1528 2079 1565 2112 A

227 2126 288 2159 alt.
310 2126 332 2159 l.
433 2128 474 2158 10
501 2127 690 2159 sentuosos
711 2126 787 2170 Ar]
815 2127 979 2159 sentosos
1006 2139 1026 2169 γ
1124 2130 1165 2159 11
1190 2125 1386 2159 scithicum
1403 2137 1423 2159 r
1448 2125 1564 2169 sythi-

227 2183 310 2205 cum
336 2185 356 2216 y
383 2172 495 2206 stticfi
522 2173 557 2206 A
679 2177 720 2206 12
747 2173 836 2216 iniq.
857 2174 893 2206 A
1014 2176 1055 2206 16
1083 2173 1286 2216 querqueta
1311 2172 1361 2217 A]
1388 2182 1521 2215 quei-ce
1545 2184 1566 2207 r

227 2220 402 2262 querceta
427 2220 535 2262 chp
655 2223 698 2253 24
726 2219 987 2254 consolabatur
1012 2219 1191 2253 luctuosis
1217 2219 1442 2253 carminibus
1470 2220 1532 2257 Vc,

228 2270 271 2299 25
298 2267 355 2300 set
380 2280 400 2310 y
427 2277 455 2307 S,
480 2267 560 2300 AV
580 2266 644 2300 sed
664 2278 693 2310 p
718 2267 749 2300 si
768 2279 788 2300 r
806 2278 872 2301 om.
893 2278 911 2301 c
1007 2270 1050 2300 26
1077 2266 1212 2300 solacio
1237 2278 1258 2300 r
1283 2265 1416 2300 solatio
1441 2270 1516 2301 cett.

224 2318 306 2356 post
341 2313 557 2357 ademptum
581 2314 677 2356 falso
701 2315 828 2358 repetit
852 2315 903 2348 A:
941 2315 1132 2358 tamquam
1157 2324 1230 2347 non
1254 2314 1439 2347 mortuum
1463 2312 1567 2348 fleret
