1664 2563
128 707 170 737 10

130 1252 172 1282 15

131 1654 175 1684 20

195 55 221 95 52
743 53 858 87 VITA
883 52 994 88 HOR.

314 167 419 216 Ergo
450 167 565 204 illum
596 167 756 204 beatum
788 166 902 214 ponit
933 166 1001 214 qui
1033 178 1078 203 ex
1109 167 1231 203 animi
1257 167 1318 204 sui
1343 168 1540 205 sententia

195 227 293 264 facit
324 226 428 275 quod
461 226 565 274 uult,
606 227 663 263 ita
695 228 845 273 tamen,
883 227 928 261 ut
959 225 1032 262 hoc
1062 225 1191 273 ipsum
1222 226 1323 264 uelle
1354 227 1396 263 in
1425 229 1539 275 parte

194 286 412 323 honestatis
455 287 643 323 uersetur.
726 285 819 333 Ipsa
863 285 967 321 enim
1008 284 1192 322 uoluntas
1235 298 1429 323 summum
1471 287 1538 324 bo-

195 359 289 382 num
321 347 389 382 est.
1268 353 1272 356 ·

313 404 458 441 Decem
502 406 541 441 et
580 416 721 441 nouem
759 402 894 440 modos
931 405 1147 439 metrorum
1183 403 1225 439 in
1262 404 1431 441 carmine
1469 416 1540 442 suo

197 463 432 512 composuit:
471 463 603 500 Prima
635 463 758 512 igitur
790 462 861 500 ode
893 462 1116 499 monocolos
1149 464 1224 510 est,
1257 462 1330 500 hoc
1361 465 1420 500 est
1450 475 1539 501 can-

195 525 258 560 tus
302 523 569 560 unimembris.
638 522 743 559 Nam
779 521 1059 570 Asclepiadeus
1103 520 1247 558 dicitur
1283 523 1350 570 qui
1387 524 1542 560 constat

196 595 242 619 ex
274 582 457 630 spondeo,
490 582 639 619 duobus
672 581 907 618 choriambis
940 583 979 618 et
1010 580 1220 629 pyrrichio.
1275 580 1444 618 Metrum
1467 581 1542 619 hoc

197 641 344 678 dictum
372 654 395 679 a
420 643 538 690 poeta
563 640 808 689 Asclepiade,
840 652 863 676 a
887 640 985 688 pede
1015 640 1330 677 choriambicum.
1379 640 1541 690 Duabus

196 701 338 737 feritur
369 701 539 738 caesuris
571 713 616 737 ex
647 700 918 748 pentimimere
948 699 1106 736 heroica
1139 701 1178 736 et
1203 699 1351 737 duobus
1376 691 1544 748 dactilis,

198 762 267 797 aut
293 773 339 797 ex
366 759 549 808 spondeo,
576 759 725 796 duobus
753 758 988 796 choriambis
1015 760 1055 795 et
1079 758 1279 807 pyrrichio
1305 759 1387 796 siue
1411 758 1543 797 iambo

196 821 358 868 propter
395 819 578 856 ultimam
615 818 912 855 indifferentem.
974 817 1022 854 In
1052 817 1219 855 Horatio
1260 819 1395 855 autem·
1421 819 1544 856 scien-

198 879 290 915 dum
323 878 440 926 oden,
477 891 556 915 non
589 877 770 927 eglogam
803 877 898 925 dici,
930 878 1024 925 quia
1056 877 1196 927 egloga
1228 876 1397 927 Vergilii
1426 877 1542 915 buco-

198 938 365 975 licorum
397 939 455 975 est
488 932 591 989 (AF
606 936 680 988 (Ξ
701 937 754 973 M
759 931 827 988 af)
843 948 941 974 cons.
948 936 970 983 j
979 936 999 982 ζ

237 1242 424 1295 ITEM
456 1241 738 1294 ALITER
769 1242 956 1294 VITA
988 1241 1327 1294 HORATII.
1361 1238 1515 1300 (ΑΒζ

318 1410 440 1447 Poeta
478 1410 520 1454 Q.
553 1409 744 1447 Horatius
777 1409 941 1447 Flaccus
979 1409 1164 1447 libertino
1202 1411 1315 1458 patre
1352 1411 1468 1447 natus
1505 1409 1547 1445 in

199 1469 348 1518 Apulia
392 1482 480 1506 cum
522 1471 685 1518 parente
728 1470 769 1505 in
815 1468 980 1506 Sabinos
1023 1469 1224 1518 migrauit.
1294 1467 1417 1512 Quem
1460 1480 1547 1505 cum

199 1531 314 1578 pater
345 1541 511 1577 puerum
544 1528 709 1566 Romam
741 1529 912 1566 misisset
943 1527 984 1564 in
1016 1528 1151 1564 ludum
1183 1528 1424 1575 litterarum,
1457 1539 1546 1576 par-

202 1589 367 1625 cissimis
409 1587 584 1625 eruditus
628 1588 801 1636 inpensis
848 1587 1050 1637 angustias
1082 1586 1206 1635 patris
1243 1587 1342 1624 uicit
1377 1586 1547 1636 ingenio,

202 1648 400 1695 coluitque
445 1647 671 1684 adulescens
709 1647 877 1683 Brutum
922 1646 992 1684 sub
1037 1659 1113 1695 quo
1157 1646 1338 1684 tribunus
1375 1645 1547 1683 militum

321 1776 340 1805 3
361 1771 536 1805 uoluntas
556 1771 692 1816 AMa]
714 1770 889 1814 uoluptas
909 1771 932 1812 f
932 1771 953 1813 j
961 1774 980 1811 ζ
1075 1774 1188 1804 5—-1‘2
1211 1770 1339 1804 decem
1358 1790 1401 1793 —
1421 1767 1545 1802 indiff:

202 1831 266 1853 om.
281 1819 303 1862 j
401 1823 419 1852 6
448 1818 656 1862 composuit
681 1818 763 1863 Aa]
791 1818 916 1862 posuit
941 1818 1015 1860 fM
1106 1818 1175 1852 ode
1199 1818 1236 1863 f]
1265 1817 1352 1852 odes
1377 1816 1471 1851 AM
1475 1829 1499 1849 α

203 1870 222 1900 8
250 1865 393 1899 duobus
413 1866 463 1911 A]
493 1867 529 1900 et
549 1866 692 1899 duobus
714 1868 771 1906 Γζ
864 1877 966 1909 pyrr:
993 1865 1029 1910 f]
1057 1865 1150 1909 pirr:
1178 1865 1271 1899 ΑΜ
1275 1878 1298 1898 α
1396 1866 1438 1897 10
1457 1873 1547 1907 pen-

202 1913 387 1947 timimere
413 1914 448 1947 A
474 1913 740 1957 pentimemere
765 1914 783 1955 f
813 1913 1081 1957 pentimemera
1108 1926 1130 1946 α
1156 1912 1360 1957 pentimere
1386 1911 1436 1944 M
1456 1921 1547 1954 pen-

202 1961 395 1994 timemore
416 1963 435 2001 ζ
525 1965 565 1994 11
588 1972 691 2004 pyrr:
718 1960 754 2005 f]
781 1960 874 2004 pirr:
901 1960 995 1994 AM
1001 1973 1024 1993 oc
1111 1964 1153 1993 12
1174 1958 1446 1993 indifferentem
1464 1958 1500 1992 A
1508 1957 1545 2002 f]

202 2007 439 2041 indifferente
462 2008 509 2041 M
514 2022 537 2041 α
636 2011 678 2041 13
705 2007 793 2051 quia
813 2007 884 2052 Ay]
906 2018 972 2041 om.
995 2009 1029 2040 Γ
1051 2017 1122 2053 que
1142 2011 1162 2048 ζ
1256 2009 1298 2040 15
1322 2005 1413 2040 item
1439 2004 1549 2038 aliter

202 2067 283 2100 uita
302 2066 439 2100 horatii
460 2067 584 2110 (oratii
603 2068 633 2111 ζ)
654 2068 716 2107 Ag
741 2066 821 2100 uita
841 2066 977 2100 horatii
992 2067 1050 2109 By·
1149 2069 1191 2100 16
1213 2065 1327 2099 Poeta
1347 2063 1402 2109 Q.]
1424 2063 1452 2097 P
1467 2062 1496 2105 Q
1511 2064 1548 2098 B

203 2114 243 2150 Pr<
264 2116 321 2157 (z
336 2115 447 2157 poeta
456 2116 484 2158 2³)
499 2115 534 2148 A
555 2125 619 2148 om.
631 2116 664 2147 Γ
668 2125 686 2147 c
692 2114 713 2156 j
722 2116 740 2154 ζ
836 2117 876 2147 17
892 2115 1046 2157 parente
1061 2114 1166 2157 ΑΒ]
1179 2112 1328 2157 Porph]
1348 2112 1455 2155 patre
1470 2112 1504 2144 Γ

203 2161 382 2205 migrauit
407 2163 514 2196 ABc
519 2162 541 2204 j
549 2164 568 2202 ζ
585 2161 734 2205 Pomm]
764 2161 1024 2205 commigrauit
1052 2163 1085 2194 Γ
1203 2163 1244 2194 18
1269 2169 1425 2203 puerum
1450 2157 1545 2202 AB]

204 2219 269 2243 om.
292 2211 325 2242 Γ
465 2208 674 2242 litterarum
713 2208 787 2251 dit:
828 2208 892 2252 M)
913 2209 1051 2253 ΑΒΓ]
1098 2206 1321 2242 litterarium
1365 2205 1498 2249 Porph.

207 2259 248 2290 19
271 2256 437 2289 eruditus
459 2256 559 2299 ΒΓ]
578 2256 728 2300 Ρονρ]ι.]
757 2255 924 2289 eruditur
943 2257 978 2290 A
1076 2254 1239 2299 inpensis
1255 2253 1348 2298 yM]
1369 2251 1548 2297 impensis

205 2304 347 2345 ABaf
440 2307 482 2336 20
510 2303 613 2336 adul:
641 2303 776 2348 ΑῙΙΙα]
806 2303 907 2337 adol:
936 2303 1048 2347 Byfj
1115 2343 1118 2346 Δ
