1664 2563
667 126 810 162 CARM.
828 127 897 161 1111
916 131 936 162 9
1381 127 1464 170 357

126 242 190 279 uel
223 243 315 290 quia
346 254 423 278 non
456 241 538 278 sola
570 240 721 278 Helena
754 241 905 278 amauit
935 239 1136 288 Paridem3
1174 253 1264 277 nam
1296 242 1336 278 et
1367 240 1468 278 aliae

127 301 265 339 similis
299 300 435 350 culpae
467 300 637 348 fuerunt,
670 300 735 338 sed
764 301 890 351 magis
915 300 1011 338 haec
1037 299 1187 338 famosa
1213 301 1272 337 est
1297 300 1468 337 carmine

126 362 330 410 poetarum
364 354 467 412 (AV

247 426 322 469 17.
354 442 585 473 PRIMVSQVE
611 426 788 481 TEVCER]
847 431 1070 469 Telamonis
1095 430 1198 468 filius
1224 431 1272 468 ab
1298 430 1468 468 Homero

125 491 325 528 inducitur
350 491 506 541 sagittis
533 490 769 540 peritissime
796 502 906 538 usus;
939 489 1108 528 Cidoneo
1136 491 1265 527 autem
1294 488 1469 527 Cretensi

126 562 148 587 a
193 549 365 588 Cidonea
408 550 588 598 ciuitate,
637 549 705 586 ubi
746 550 919 598 primum
963 549 1009 587 de
1052 549 1244 599 pecudum
1288 549 1468 587 cornibus

126 621 238 648 arcus
271 610 400 647 ornati
433 612 534 658 sunt,
566 611 612 646 ut
644 604 780 661 (Vergy.
807 609 870 647 ecl.
900 610 966 657 10,
994 609 1059 646 59.
1089 603 1180 661 60):

905 690 1077 730 Cidonea
1109 704 1228 730 cornu

339 750 498 801 Spicula
530 746 633 804 (AV

247 841 322 885 IS.
354 858 434 884 NON
463 842 612 897 smil-312]
655 845 717 883 Ab
737 845 906 884 Hercule
933 847 1036 883 enim
1063 848 1153 884 ante
1179 858 1314 883 euersa
1340 847 1470 884 fuerat

127 901 229 958 (AV
251 908 337 945 sim.
357 907 395 942 Γ

243 973 369 1028 nuos]
424 977 477 1014 Et
510 973 625 1014 ‘haec
657 973 774 1015 Ilios'
807 979 846 1014 et
878 972 973 1014 ‘hoc
1004 972 1144 1013 Ilium'
1178 972 1234 1029 (A
1246 977 1281 1013 V

247 1043 332 1087 19(
378 1059 458 1086 NON
501 1059 705 1087 PVGNAVIT
746 1043 912 1098 INGENS]
978 1047 1052 1085 Sed
1090 1048 1132 1085 hi
1170 1049 1341 1086 carmine
1378 1061 1471 1097 prae

126 1108 263 1146 ceteris
296 1108 404 1156 clari,
435 1109 483 1145 ut
514 1101 651 1160 (Very.
677 1106 774 1145 Aen.
802 1107 843 1144 H
871 1101 993 1159 261):

339 1190 587 1229 Thesandrus
621 1189 878 1239 Stenelusque
910 1190 1036 1228 duces.

127 1286 306 1324 Stenelus
340 1288 471 1324 autem
505 1285 678 1334 Capanei
710 1288 749 1323 et
779 1285 967 1323 Euadnae
999 1285 1102 1322 filius
1134 1285 1212 1323 fuit
1243 1280 1300 1338 (A
1311 1286 1346 1323 V

246 1352 322 1395 22.
355 1352 538 1407 HECTOR]
589 1355 801 1394 Ostendere
834 1357 939 1394 uult:
971 1357 1064 1394 licet
1094 1357 1211 1394 multi
1242 1357 1321 1394 uiri
1351 1357 1471 1395 fortes

126 1417 303 1464 fuerunt,
340 1416 429 1454 illos
467 1418 599 1453 tamen
638 1415 826 1453 celebrari
857 1416 982 1464 fama,
1022 1428 1117 1465 quos
1151 1416 1472 1454 commendauere

126 1478 319 1525 poemata.
375 1475 480 1512 Nam
511 1488 581 1513 nec
613 1476 717 1513 solus
742 1475 890 1514 Hector
921 1478 960 1513 et
985 1475 1213 1524 Deiphobus
1244 1488 1316 1525 pro
1341 1477 1473 1526 patria

125 1536 344 1584 perierunt,
387 1534 452 1572 sed
484 1534 541 1572 hii
572 1536 698 1585 magis
731 1535 968 1573 carminibus
1000 1535 1085 1573 noti
1117 1537 1217 1573 sunt.
1282 1534 1473 1573 Similiter

126 1597 165 1632 et
209 1595 299 1632 ante
339 1594 672 1644 Agamemnonem
712 1595 817 1644 paris
855 1595 1017 1632 uirtutis
1054 1595 1185 1643 plures
1224 1595 1362 1643 fuisse⁷
1407 1595 1472 1633 sed

125 1654 266 1692 nesciri
303 1654 479 1701 silenti03
523 1655 562 1692 et
598 1654 686 1691 ideo
726 1666 764 1692 se
804 1654 853 1691 ad
892 1653 1137 1691 scribendum
1175 1655 1352 1703 priorum
1385 1667 1471 1692 con-

124 1713 256 1751 firmat
287 1713 472 1763 exemplis
505 1708 609 1766 (AV

246 1780 322 1824 23.
370 1796 544 1822 EXCEPIT
576 1781 713 1835 lchs]
769 1784 825 1822 Vt
857 1779 991 1836 (Very.
1018 1783 1115 1822 Aen.
1142 1784 1200 1821 VI
1227 1785 1322 1821 494.
1352 1779 1472 1837 495)-

834 1878 1069 1916 Laceratum
1101 1891 1261 1928 corpore
1292 1881 1377 1918 toto

340 1937 590 1986 Deiphobum
623 1937 733 1975 uidet
764 1932 868 1990 (AV

247 2103 266 2132 5
294 2097 448 2132 eidoneo
465 2097 540 2143 Vp]
567 2097 714 2131 cidonio
734 2098 795 2132 Ac
891 2101 911 2131 S
939 2097 1094 2133 oidonea
1121 2109 1233 2133 cornu
1249 2099 1291 2145 p]
1319 2098 1474 2134 cidonea

129 2146 230 2180 corni
256 2146 292 2179 A
325 2145 474 2179 cidonia
500 2156 613 2179 cornu
640 2146 688 2180 Vc
834 2148 875 2179 13
902 2145 941 2178 hi
967 2146 1031 2192 cp]
1056 2146 1118 2180 hic
1145 2147 1180 2181 V
1199 2147 1238 2180 in
1263 2147 1299 2181 A
1396 2157 1474 2181 car-

129 2193 228 2227 mine
248 2195 283 2228 A
383 2196 425 2226 15
453 2192 650 2237 stenelusq.
672 2193 723 2238 A]
751 2192 986 2237 stelenusque
1002 2194 1080 2237 ch
1178 2198 1219 2228 16
1241 2194 1402 2228 stenelus
1422 2195 1473 2239 A]

131 2240 292 2275 stelenus
321 2241 369 2276 Vc
395 2240 578 2274 steleneus
603 2252 628 2284 p
725 2250 893 2286 euuanne
919 2242 954 2274 A
981 2241 1124 2275 euadne
1152 2243 1199 2277 Vc
1225 2241 1386 2286 euandre
1399 2253 1427 2285 p

133 2291 174 2322 19
200 2288 329 2335 hector
355 2288 390 2322 A
506 2287 712 2331 deiphobus
739 2288 790 2333 A]
818 2287 1022 2331 deiphebus
1050 2289 1128 2332 ch
1272 2291 1316 2322 20
1342 2288 1396 2321 hii
1424 2288 1473 2334 V]

130 2335 169 2368 hi
185 2336 221 2370 A
317 2335 437 2380 magis
451 2335 502 2380 A]
517 2346 582 2370 om.
595 2336 674 2379 ch
772 2339 813 2368 21
831 2334 944 2369 fuisse
958 2335 1082 2379 plures
1098 2337 1144 2372 Vc
1150 2348 1177 2380 p
1274 2339 1316 2370 22
1333 2346 1370 2370 se
1380 2337 1473 2381 ch]

134 2393 199 2416 om.
221 2383 257 2416 A
355 2386 398 2416 26
424 2382 529 2417 uidet
554 2383 606 2428 A]
632 2383 712 2417 n.V
732 2382 831 2417 uidit
856 2393 899 2427 cp

1498 853 1540 885 10

1500 1199 1541 1229 15

1499 1543 1543 1574 20

1499 1887 1542 1918 25
