1664 2563
433 88 594 123 SCHOL.
618 90 696 124 PV
715 88 767 122 IN
793 88 903 123 HOR.
949 88 1145 123 EPOD.17
1374 88 1461 130 453

230 201 424 250 Telephus
468 200 516 237 N.
557 195 657 253 (V)]
723 201 916 250 Telephus
966 214 1033 239 rex
1076 201 1288 250 Mysorum.
1358 201 1462 240 Huic

112 258 251 298 Graeci
284 260 333 297 ad
366 260 525 298 Troiam
558 262 712 309 euntes,
750 263 937 309 putantes
970 273 1034 298 eos
1068 260 1276 308 Troianos,
1314 260 1463 298 bellum

111 320 342 357 intulerunt.
407 319 601 368 Telephus
639 320 788 357 restitit
826 322 865 357 et
903 320 1096 370 singulari
1128 322 1341 358 certamine
1374 333 1463 359 cum

111 378 266 417 Achille
311 378 504 427 conflixit,
555 392 578 417 a
622 392 698 428 quo
743 382 782 417 et
824 380 1055 417 uulneratus
1100 382 1169 417 est.
1230 379 1324 428 Hic,
1374 393 1463 418 cum

109 440 249 487 postea
287 451 415 476 errore
454 440 610 489 cognito
648 440 690 476 in
729 439 945 477 amicitiam
976 439 1186 487 redissent,
1226 439 1274 477 ab
1306 439 1461 477 Achille
1512 446 1532 478 5

110 498 241 535 herbis
286 500 445 536 curatus
490 499 565 546 est,
616 511 784 546 quarum
828 499 1034 536 scientiam
1076 498 1249 536 habebat
1294 497 1461 536 Chirone

111 557 284 595 docente.
349 556 461 601 Quod
493 558 714 607 exemplum
745 557 833 595 ideo
865 559 978 606 ponit
1009 558 1218 607 Horatius,
1258 560 1321 607 ut,
1360 559 1463 596 sicut

109 615 286 654 Achilles
320 616 505 666 Telepho,
537 618 596 654 ita
628 618 663 654 ei
697 616 863 655 Canidia
894 617 1074 667 ignoscat
1107 612 1218 670 (ch

227 676 302 714 Hic
346 677 577 714 uulneratus
623 678 681 714 est
718 678 759 714 in
796 677 901 714 bello
941 677 989 715 ab
1028 677 1183 715 Achille
1221 690 1291 715 nec
1328 677 1463 726 potuit

109 736 239 773 curari
277 734 325 773 ab
366 736 500 773 altero.
565 734 732 774 Graecos
772 738 906 774 euntes
946 739 1083 774 contra
1122 737 1312 774 Troianos
1351 737 1460 774 Tele·
1490 743 1533 774 10

107 795 208 844 phus
240 808 307 832 rex
333 794 534 844 Mysorum
566 808 644 833 non
676 797 848 844 suscepit
876 796 1059 845 hospitio.
1111 796 1348 834 Vulnerauit
1373 808 1463 833 eum

108 855 150 891 in
182 854 286 892 bello
317 854 503 892 Achilles.
567 855 619 892 Et
651 867 739 892 cum
772 855 840 892 diu
872 868 950 893 non
983 856 1197 904 curaretur,
1229 868 1462 904 responsum

108 915 167 951 est
199 914 235 951 ei
267 913 315 950 ab
348 926 392 952 eo
425 926 537 963 posse
571 916 717 962 curari,
757 927 780 951 a
812 928 888 963 quo
921 916 1052 952 fuerat
1082 916 1323 953 uulneratus.
1386 915 1462 963 Ita,

107 973 256 1021 inquit,
300 974 345 1010 tu
388 986 470 1020 me,
515 986 630 1022 quem
674 973 862 1024 obligasti
898 975 1253 1023 inprecationibus,
1296 975 1461 1012 mutatis

109 1043 209 1070 sana
241 1032 479 1070 carminibus
514 1028 569 1085 (Γ
579 1033 616 1071 V
1490 1041 1532 1073 15

230 1086 306 1130 11.
359 1090 502 1129 Sensus
547 1094 622 1130 est:
674 1094 713 1130 et
750 1092 960 1131 Hectorem
1003 1093 1083 1130 iam
1127 1093 1328 1131 addictum
1368 1094 1462 1131 feris

107 1150 282 1188 reddidit
319 1151 493 1189 Achilles
538 1153 617 1189 suis
663 1152 949 1200 sepeliendum,
993 1154 1204 1201 postquam
1243 1166 1264 1190 a
1303 1153 1461 1190 Priamo

107 1212 270 1260 rogatus
316 1212 384 1248 est.
447 1211 500 1247 Et
543 1213 587 1248 tu
631 1207 852 1262 [similiter]
897 1212 1040 1262 mitiga
1078 1224 1172 1262 erga
1208 1225 1270 1250 me
1307 1214 1461 1250 iracun-

109 1269 217 1307 diam
249 1271 360 1306 tuam
393 1264 497 1321 (FV

230 1323 305 1367 12.
337 1328 589 1367 Homicidam
608 1329 818 1368 Hectorem
838 1324 942 1382 (17)]
993 1330 1068 1368 Pro
1095 1331 1180 1369 uiro
1208 1331 1303 1368 forti
1328 1331 1462 1379 posuit
1487 1338 1532 1369 20

109 1382 149 1440 (b
160 1388 244 1436 ch
271 1399 315 1426 ex
346 1388 486 1436 Porplz.
513 1389 596 1426 sim.
618 1390 656 1425 Γ

226 1446 301 1485 Pro
329 1460 386 1496 eo,
412 1449 481 1497 qui
505 1448 710 1485 hominum
737 1450 855 1497 atque
880 1449 1054 1486 hostium
1074 1450 1222 1487 occisor
1241 1450 1319 1486 fuit
1339 1444 1466 1502 (FbV

227 1506 382 1544 Imitari
437 1507 566 1545 uoluit
615 1507 851 1545 Homerum:
909 1504 1202 1546 ‘homicidam'
1253 1521 1323 1558 pro
1374 1510 1460 1547 uiro

107 1565 213 1603 forti.
284 1564 430 1604 Graece
472 1568 576 1604 enim
613 1567 743 1604 uoluit
781 1567 907 1605 dicere
947 1569 1060 1617 quasi
1091 1569 1268 1606 uirorum
1301 1569 1459 1607 occisor.

107 1623 253 1663 Graece
286 1626 389 1663 enim
422 1626 568 1664 dicitur
596 1626 844 1664 androfonos.
902 1627 1044 1676 Licuit,
1076 1629 1218 1676 inquit,
1251 1629 1290 1665 et
1314 1628 1458 1666 Hecto·
1486 1635 1532 1667 25

105 1697 187 1721 rem
232 1685 415 1733 sepelire,
459 1687 671 1734 postquam
708 1686 883 1724 Achilles
922 1686 1079 1724 Priamo
1124 1687 1300 1736 supplice
1341 1687 1459 1725 decli-

107 1747 225 1781 natus
258 1746 317 1782 est
349 1740 476 1797 (FbV

229 1915 304 1959 15.
332 1917 523 1972 *<Heu>]
574 1921 657 1959 Aut
683 1922 733 1959 ad
761 1923 936 1960 animum
962 1924 1203 1973 procidentis
1230 1926 1364 1974 posuit
1390 1927 1460 1963 aut

227 2060 269 2091 13
297 2057 331 2091 ei
351 2058 429 2104 rV]
452 2069 517 2093 om.
533 2072 554 2102 γ
650 2070 759 2103 posse
787 2059 836 2105 V]
858 2059 965 2094 illum
985 2071 1093 2105 posse
1112 2073 1132 2096 r
1157 2073 1241 2096 eum
1261 2073 1369 2106 posse
1390 2076 1410 2106 γ

105 2104 229 2139 fuerat
254 2105 306 2150 Γ]
334 2104 448 2140 fuerit
476 2105 510 2140 V
651 2110 693 2140 14
720 2107 1011 2152 impcationibus
1040 2110 1075 2144 V
1214 2113 1256 2144 18
1284 2109 1460 2144 similiter

106 2163 136 2195 r,
156 2163 221 2187 om.
244 2153 309 2196 yV
449 2156 493 2186 20
519 2152 746 2188 homicidam
775 2155 883 2189 etiam
909 2156 928 2190 b
954 2156 995 2190 in
1022 2156 1182 2191 lemmate
1325 2167 1391 2201 pro
1414 2177 1458 2182 -

104 2199 247 2245 posuit]
274 2199 397 2233 uirum
423 2200 558 2234 fortem
583 2203 618 2234 Γ
713 2205 755 2235 22
783 2203 846 2245 qui
873 2203 952 2249 bV]
981 2204 1079 2247 quod
1101 2206 1134 2238 Γ
1228 2207 1271 2238 23
1298 2204 1456 2250 imitari]

105 2246 145 2280 in
171 2258 243 2291 quo
269 2247 412 2281 imituri
439 2248 458 2282 b
581 2252 624 2282 24
651 2249 758 2293 quasi
784 2250 878 2295 FV]
907 2251 995 2294 quia
1021 2252 1040 2286 b
1163 2255 1206 2286 25
1234 2251 1457 2285 androfonos

106 2294 186 2340 bV]
215 2294 430 2329 androforos
457 2297 491 2329 Γ
630 2295 740 2330 licuit
773 2296 897 2341 inquit
928 2300 964 2332 et
992 2298 1042 2344 Γ]
1069 2298 1126 2333 Ita
1157 2300 1199 2333 ut
1225 2299 1349 2342 inquit
1374 2300 1411 2333 et
1437 2299 1457 2333 b

105 2340 214 2376 licuit
239 2341 269 2376 ὅτ,
293 2342 363 2385 1an
390 2343 424 2377 V
