1664 2563
585 123 727 158 CARM.
749 123 765 157 Ι
785 127 839 158 25.
862 126 905 157 ‘26
1365 122 1420 163 99

252 236 411 274 Scilicet
443 238 533 274 ante
566 248 698 274 omnes
730 235 840 273 furor
872 238 930 273 est
961 235 1127 285 insignis
1161 247 1350 283 equarum

75 315 204 372 (ΑΓα
219 313 313 372 (bis)
326 319 362 356 V
378 331 421 357 ex
446 318 585 366 Po'rple.

195 384 270 428 15.
304 401 425 427 CIRCA
455 401 577 427 IECVR
608 385 870 440 vncmzosviu]
920 388 1115 427 Libidinis
1147 388 1421 439 indignatione

73 451 315 497 conmotum‚
356 449 420 486 uel
457 450 560 486 certe
600 443 686 500 (sec.
706 443 866 502 Porph.)
905 448 1009 497 quod
1049 461 1120 498 pro
1161 449 1290 486 aetate
1322 450 1420 485 tam-

73 521 192 558 quam
223 509 441 546 ulcerosum
473 511 682 557 spernatur
714 503 843 560 (ΑΓα
859 502 1001 560 (bis)V
1472 517 1492 547 5

196 574 270 618 16.
316 591 405 616 SINE
444 575 619 630 Qvnsrv]
683 578 774 617 Sine
813 579 990 628 querela,
1033 581 1102 616 aut
1132 581 1177 616 ut
1209 579 1421 616 auaritiam

74 639 290 677 meretrieis
323 638 556 687 ostenderet,
588 651 635 676 ne
667 641 753 676 tum
785 638 943 687 quidem
977 639 1058 676 sine
1090 638 1199 676 lucro
1231 640 1270 676 et
1295 638 1422 687 pretio

75 699 249 747 corporis
282 692 458 750 (AFaV

196 752 270 795 17.
320 753 467 808 PVBES]
523 757 711 794 quentus
745 755 894 809 (AFV

196 823 270 866 17.
308 822 381 866 18.
414 840 580 865 HEDERA
610 840 775 865 VIRENTI
809 840 1000 865 GAvm-:AT
1032 841 1065 864 P.
1094 840 1132 864 M.
1160 839 1196 865 A.
1224 823 1284 878 m]
1316 827 1423 864 Idest
1450 837 1493 867 10

73 888 226 937 puellas
263 888 423 924 iuuenes
462 889 584 935 amet,
623 899 719 936 quas
758 888 798 923 in
837 887 981 925 hedera
1013 890 1051 924 et
1082 890 1212 936 myrto
1245 887 1422 937 intellegi

73 947 212 985 uoluit.
273 946 408 984 Pullas
450 949 581 984 autem
620 947 720 984 dixit
756 946 871 983 liuidi
909 947 1049 984 coloris
1087 947 1239 995 puellas
1278 941 1382 998 (ΑΓ
1392 946 1426 984 V

195 1011 269 1056 19.
308 1028 457 1054 ARIDAS
489 1029 674 1055 FRONDES
707 1013 865 1068 HIEMIS]
916 1017 1060 1055 Aridas
1094 1029 1190 1055 anus
1223 1020 1261 1055 et
1294 1017 1422 1054 decre-

73 1077 178 1127 pitas
209 1077 410 1125 mulieres,
453 1079 491 1114 et
523 1077 576 1115 sie
608 1078 688 1113 iam
722 1079 851 1114 aetate
882 1076 1067 1127 frigidas,
1099 1079 1144 1114 ut
1174 1076 1307 1114 Hebro
1340 1077 1421 1127 gla-

73 1137 166 1174 ciali
221 1137 301 1174 sint
350 1137 514 1184 similes,
570 1137 710 1174 merito
762 1149 784 1173 a
834 1136 1040 1174 iuuenibus
1091 1136 1422 1185 contempnenda-s
1451 1145 1492 1175 15

94 1194 206 1233 ΑΓα
216 1196 251 1233 V

75 1191 91 1248 <
191 1254 342 1292 Hiemis
374 1266 402 1292 s.
431 1249 528 1307 (V)]
584 1254 690 1292 Idest
740 1255 794 1292 sio
844 1255 1028 1305 frigidus,
1079 1257 1124 1292 ut
1173 1255 1313 1293 hiemis
1365 1257 1423 1292 est

78 1316 233 1363 tempus
263 1309 321 1366 (Γ
330 1314 363 1351 V

194 1369 270 1411 20.
318 1373 450 1411 Hebro
484 1368 581 1426 (VH
637 1373 779 1411 Fluuio
810 1373 1067 1424 frigidissimo
1101 1368 1159 1425 (F
1168 1374 1203 1411 V
1224 1374 1308 1411 sim.
1330 1388 1355 1411 α

610 1644 764 1683 CARM.
791 1646 811 1682 I
839 1647 891 1683 26
1451 1655 1494 1685 20

490 1749 563 1803 [AD
596 1764 725 1790 MVSAS
759 1747 814 1804 (A
837 1770 931 1793 cons.
954 1748 1008 1803 B]

194 1846 391 1884 *Metrum
440 1847 591 1885 duobus
641 1848 817 1885 uersibus
862 1847 1084 1895 Aleaiomn,
1134 1847 1275 1884 tertius
1326 1847 1423 1883 iam-

73 1906 182 1944 bious
243 1907 479 1945 nouenarius
536 1907 909 1956 ypereatakefficus,
972 1908 1135 1954 quartus
1191 1905 1423 1944 Pindaricus

77 1960 253 2017 (BFaV

195 2093 215 2122 4
242 2091 345 2124 etate
367 2091 403 2125 A
525 2094 544 2124 6
569 2090 627 2136 ut]
654 2102 719 2125 om.
742 2092 777 2125 A
894 2093 911 2123 7
939 2090 1059 2134 pretio
1087 2090 1122 2136 γ]
1149 2090 1273 2135 precio
1299 2094 1375 2125 cett.

78 2141 119 2171 11
145 2139 244 2171 amet
263 2138 325 2172 Ar
341 2138 384 2183 V]
413 2139 538 2172 ament
558 2149 636 2182 γορ
707 2138 818 2172 mirto
842 2138 877 2171 A
952 2141 993 2171 12
1014 2137 1152 2184 pullas]
1174 2138 1319 2182 puellas
1340 2140 1376 2173 A

76 2184 186 2218 liuidi
212 2185 277 2230 K.]
303 2185 456 2219 iuuenes
483 2185 546 2219 det
571 2187 607 2219 A
634 2197 677 2218 ·u-
706 2185 766 2219 dei
792 2197 811 2219 r
835 2184 956 2218 inuidi
976 2198 996 2229 y
1021 2187 1064 2219 ut
1090 2185 1150 2220 dei
1176 2186 1211 2219 V
1231 2188 1274 2220 ut
1299 2186 1378 2219 eius
1398 2197 1417 2220 c

77 2231 175 2276 nigri
195 2243 224 2276 p
260 2232 413 2266 iuuenes
452 2232 530 2267 eius
557 2233 727 2268 Hauthal
759 2231 912 2277 (uirides
945 2232 1084 2267 colores
1116 2233 1260 2277 puellas
1288 2247 1328 2275 oc,
1363 2234 1424 2267 sed

77 2278 156 2313 ides
183 2279 322 2314 colores
347 2291 398 2324 pu
424 2281 464 2314 in
489 2281 564 2315 loco
589 2281 686 2324 raso)
786 2283 827 2313 13
853 2278 993 2314 hiemes
1017 2281 1053 2315 A
1151 2284 1194 2314 14
1220 2282 1320 2315 etate
1340 2281 1376 2315 A

80 2330 123 2359 15
149 2327 462 2371 contempnendas
482 2328 517 2361 A
534 2327 577 2372 V]
605 2326 895 2361 contemnendae
914 2339 934 2361 r
959 2328 1247 2362 contemnendas
1269 2339 1377 2372 yccep

80 2376 122 2406 17
149 2372 282 2407 hiemis
309 2375 385 2420 Pp]
411 2375 556 2419 hiemps
579 2375 612 2409 V
704 2376 760 2411 est
786 2376 901 2409 Pom.
925 2375 1009 2419 ch

1165 2433 1211 2467 Τ*
