1664 2563
153 863 195 894 10

152 1172 194 1202 15

150 1588 196 1618 20

153 1919 196 1950 25

224 65 311 108 250
669 65 921 101 EXPOSITIO
948 65 1000 101 IN
1025 66 1136 102 HOR.

344 174 419 218 37.
471 175 679 230 MAscvnA]
705 179 848 227 Fortis,
879 179 1042 217 robusta
1074 174 1178 232 (AF

343 246 420 289 38.
453 262 609 288 Pnonns
643 262 835 288 sumnus
867 262 1006 288 DooTA
1030 247 1267 302 mcomssvs]
1309 251 1393 289 Aut
1418 250 1576 290 Sabinis

223 313 292 348 aut
323 310 476 359 Marsis,
508 313 553 347 ut
585 305 720 362 (Verq.
744 321 868 359 yeory.
896 309 958 347 ΠΙ
987 304 1108 362 255):

435 394 659 442 Dentesque
694 393 909 432 Sabellicus
943 394 1099 432 exacuit
1130 406 1195 432 sus
1226 389 1355 447 (AFf
1364 395 1401 433 V

343 483 419 592 333.
475 500 660 526 VERSARE
699 485 875 539 GLEBAS]
938 488 1080 537 Arare,
1118 491 1163 527 ut
1192 488 1393 540 Vergilius
1432 484 1576 542 (yeory.

222 548 261 585 II
292 549 370 586 961
404 562 412 585 :
1098 550 1100 552 ’

399 631 503 669 Ante
537 632 741 681 supinatas
773 631 965 680 Aquiloni
997 630 1201 669 ostendere
1234 631 1369 682 glebas
1402 625 1507 684 (AF

342 722 543 778 SEVERAE]
603 725 741 765 Castae
776 724 881 779 (AF

342 792 419 836 40.
465 809 615 835 MATRIS
648 810 702 835 AD
735 794 979 850 ARB1TR1vm]
1035 798 1142 836 Bene
1176 801 1215 836 et
1245 797 1450 837 moraliter
1481 799 1573 836 sirn-

222 858 442 907 plicitatem
493 860 532 895 et
580 859 815 906 patientiam
868 858 1013 896 laboris
1057 859 1099 895 in
1141 857 1349 896 iuuenibus
1393 871 1463 908 per
1504 858 1575 896 has

222 917 612 955 commemorationes
657 918 847 965 ostendit,
892 929 936 956 eo
981 917 1086 966 quod
1123 918 1182 955 ita
1219 929 1259 956 se
1297 917 1468 955 subdant
1503 918 1576 955 im-

222 977 342 1026 periis
362 980 547 1025 matrum,
567 979 612 1014 ut
632 977 682 1013 ad
702 989 838 1014 earum
858 979 1071 1026 operentur
1091 977 1300 1015 arbitrium
1320 971 1385 1029 (eac
1403 971 1576 1030 Porph.),

222 1037 285 1073 uel
330 1036 424 1086 quia
460 1036 558 1074 haec
595 1037 753 1074 rusticis
791 1036 1031 1074 consuetudo
1071 1039 1147 1084 est,
1190 1039 1238 1074 ut
1274 1038 1364 1086 post
1400 1035 1576 1074 laborem

223 1108 309 1133 cum
342 1096 461 1146 lignis
493 1098 746 1133 reuertantur
777 1095 827 1133 ad
860 1108 948 1134 suos
982 1090 1158 1147 (AFocV

343 1161 421 1205 41.
462 1178 535 1204 son
568 1179 635 1204 vm
667 1163 871 1218 MONTIVM]
927 1166 984 1204 Vt
1014 1167 1214 1218 Vergilius
1248 1162 1330 1217 (ccl.
1359 1168 1396 1216 2,
1424 1162 1515 1219 67):

436 1250 489 1288 Et
519 1250 577 1288 sol
609 1253 825 1289 crescentes
858 1250 1048 1289 decedens
1080 1250 1260 1300 duplicat
1290 1249 1449 1288 umbras
1476 1245 1581 1304 (AF

343 1340 419 1385 43.
471 1357 599 1384 Bvssvs
631 1342 869 1397 FATIGAris]
926 1345 982 1384 Vt
1012 1346 1212 1397 Vergilius
1246 1340 1328 1398 (ecl.
1358 1347 1395 1395 2,
1423 1339 1515 1398 66):

400 1429 556 1478 Aspice,
589 1432 722 1467 aratra
753 1430 847 1480 iugo
878 1430 1057 1467 referunt
1085 1441 1276 1478 suspensa
1299 1430 1457 1467 iuuenci
1477 1423 1582 1482 (AF

343 1535 469 1561 Bvssvs
485 1536 702 1562 FATIGATIS
716 1521 896 1576 Amcvm]
915 1524 1206 1563 Laborantibus
1221 1525 1371 1563 scilicet
1384 1525 1575 1574 quietum,

223 1582 271 1621 ob
305 1583 586 1632 capescendam
618 1584 790 1633 quietem
824 1579 928 1636 (AF
937 1585 975 1622 V
996 1597 1040 1622 ex
1063 1585 1202 1632 Porph.

343 1648 421 1693 45.
478 1666 672 1693 DAMNOSA
705 1667 740 1698 Q.
768 1668 805 1692 N.
831 1668 855 1693 1.
883 1651 942 1707 D.]
1003 1655 1062 1693 Ac
1095 1656 1128 1693 si
1160 1655 1323 1693 diceret:
1361 1657 1502 1694 cuncta
1532 1656 1575 1693 in

223 1713 334 1762 peius
378 1716 500 1751 ruunt
544 1726 588 1752 eo
633 1714 738 1763 quod
780 1714 881 1752 nihil
925 1717 1129 1753 aeternum
1173 1714 1242 1763 sit,
1286 1714 1353 1753 sed
1390 1727 1575 1764 processu

223 1775 445 1822 temporum
480 1774 613 1811 omnia
644 1775 685 1811 in
716 1775 828 1823 peius
861 1773 1048 1813 labantur
1079 1769 1267 1826 (paulum
1290 1775 1376 1812 sim.
1401 1768 1573 1827 Porph.)

223 1831 335 1869 Vnde
368 1832 518 1870 dictum
551 1835 609 1871 est
641 1827 742 1885 (Cic.
762 1845 837 1881 pro
863 1834 1054 1872 Marcello
1082 1835 1120 1882 4,
1149 1828 1241 1887 11>2

224 1914 335 1952 Nihil
368 1918 427 1952 est
457 1916 562 1953 enim
593 1927 709 1965 opere
741 1919 781 1954 et
811 1929 931 1954 manu
963 1917 1126 1966 factum,
1157 1916 1263 1967 quod
1287 1929 1366 1955 non
1392 1916 1575 1955 conficiat

163 2000 167 2003 >
224 1975 263 2011 et
295 1976 501 2012 consumat
532 1977 710 2014 uetustas
743 1969 921 2028 (AFaV

343 2138 363 2167 5
389 2135 482 2179 uerg}
507 2135 558 2180 A]
584 2135 684 2180 uirg:
714 2138 749 2170 F
859 2139 878 2170 7
906 2135 1030 2170 clebas
1058 2137 1093 2171 A
1202 2140 1222 2170 9
1249 2135 1455 2181 moraliter]
1481 2135 1573 2170 mire

225 2181 359 2225 Porph.
386 2181 609 2216 mirabiliter
632 2184 757 2229 Pauly
854 2186 896 2218 13
922 2183 984 2218 uel
1004 2205 1048 2209 ——
1070 2185 1171 2230 suos]
1198 2195 1263 2219 om.
1284 2197 1308 2218 α
1406 2185 1462 2217 est
1487 2193 1573 2217 con-

225 2228 381 2264 suetudo
404 2230 452 2264 Vc
551 2233 592 2263 15
619 2232 712 2276 uerg
724 2231 775 2277 A]
802 2230 974 2276 uirgilius
989 2233 1023 2265 Γ
1119 2235 1160 2265 17
1187 2231 1279 2276 uer}
1291 2230 1342 2276 A]
1368 2230 1468 2275 uirg:
1495 2232 1531 2264 Γ

226 2279 269 2309 20
308 2286 457 2320 capesc:
496 2277 614 2323 codd]
654 2278 919 2322 capessendam
958 2279 1093 2322 Porph.
1239 2281 1282 2311 21
1317 2288 1360 2312 ac
1382 2299 1423 2302 —-
1443 2277 1572 2324 ruunt]

225 2334 290 2358 om.
313 2325 348 2358 A
1495 2347 1497 2351 ι
