1664 2563
584 41 727 76 CARM.
748 41 764 75 1
785 45 838 76 33.
862 45 905 75 34
1337 42 1420 83 119

194 149 268 194 12.
303 166 384 193 cvM
416 150 531 205 1000]
563 154 646 191 Aut
678 167 765 192 cum
796 153 991 203 cupidine,
1023 154 1091 203 qui
1124 154 1199 191 sibi
1231 154 1345 192 lodus
1372 155 1419 192 de

71 214 294 253 hominibus
326 213 497 262 exhibet,
537 216 605 251 aut
637 215 740 251 certe
773 213 878 262 quod
909 214 950 250 in
983 225 1156 251 amorem
1187 227 1258 262 per
1289 214 1420 251 iocum

71 274 240 312 uenitur.
316 272 442 311 Saeuo
485 275 633 320 autem,
678 272 771 321 quia
808 285 1104 321 nonnumquam
1141 273 1183 309 in
1222 273 1421 311 diuersum

71 345 246 371 amorem
278 333 400 370 animi
432 332 664 370 diuiduntur
695 326 890 384 (AsaV

195 386 269 431 13.
321 403 474 429 MELIOR
513 403 594 429 CVM
632 403 817 428 PETERET
854 388 1003 442 VENVS]
1064 391 1173 428 Dicit
1211 403 1250 429 se
1289 404 1420 429 amore

70 453 221 489 amicae
254 451 302 488 ab
334 451 465 489 uxoris
492 452 765 489 coniunctione
791 453 1031 498 reuocatum,
1063 451 1172 488 cuius
1198 451 1256 488 ita
1282 451 1420 488 litibus

72 511 136 549 uel
175 510 438 548 amaritudine
476 512 656 558 uexetur,
695 509 1025 559 quemadmodum
1059 508 1262 548 Calabriae
1301 511 1421 548 litora

69 570 192 608 maris
224 570 449 607 Hadriatici
479 570 792 619 tempestatibus.
842 569 1042 619 Vergilius
1075 563 1191 621 (Aen.
1213 569 1275 606 ΠΙ
1296 565 1421 622 223);

285 641 338 678 Et
368 641 484 678 litore
518 653 636 678 curuo
671 635 774 693 (AF
784 640 820 678 V

197 718 271 762 14.
330 719 540 774 COMPEDE]
605 722 826 773 Conpedem
867 724 1058 773 singulari
1089 737 1250 762 numero
1283 726 1422 762 contra

72 783 396 822 consuetudinem
427 784 560 832 posuit
590 784 769 820 ueterum
802 777 951 835 (AFV
968 795 1011 820 eae
1029 784 1168 831 Porple.

192 842 348 880 Mirtale
382 837 470 894 (10)]
526 842 677 880 Nomen
711 841 947 880 concubinae
982 836 1085 894 (FV

196 896 270 940 16.
335 900 543 939 Curuantis
595 896 724 953 (Vp)]
788 900 1066 939 Conmouentis
1124 902 1186 939 uel
1236 902 1422 951 erigentis

72 973 145 1011 pro
188 961 312 999 nimio
356 963 467 998 aestu
512 956 569 1013 (Γ
588 961 625 998 V

608 1208 763 1247 CARM.
791 1209 810 1246 Ι
837 1210 890 1246 34

543 1312 616 1367 [AD
651 1327 696 1353 sn
728 1327 849 1354 IPSVM
881 1310 956 1368 (A]

194 1411 364 1449 Meti-um
408 1410 557 1449 duobus
598 1410 774 1448 uersibus
812 1410 1033 1460 Alcaicum,
1077 1411 1218 1449 tertius
1258 1412 1425 1449 dimeter

74 1472 314 1509 nouenarius
346 1470 548 1519 iambicus,
581 1472 744 1519 quartus
777 1470 1006 1508 Pindaricus
1040 1465 1170 1523 (PaV

199 1525 241 1568 1.
291 1541 446 1567 PARcvs
478 1541 645 1567 DEORVM
678 1526 855 1581 CVLTOR]
911 1530 1040 1568 Minus
1073 1530 1220 1578 colens,
1252 1530 1320 1568 sed
1351 1530 1424 1567 hac

75 1589 149 1628 ode
185 1589 381 1640 significat
411 1590 584 1638 penitere
617 1601 674 1637 se,
719 1589 840 1638 quod,
885 1589 977 1626 dum
1010 1589 1244 1638 Epicuream
1277 1591 1421 1627 sectam

77 1651 266 1698 sequitur,
299 1648 373 1686 diis
404 1649 654 1698 inreligiosus
687 1649 863 1686 extiterit
894 1643 1070 1700 (AFzV
1086 1660 1129 1686 eac
1149 1649 1285 1696 Porple.

198 1704 241 1747 2.
274 1719 527 1745 INSANIENTIS
561 1704 819 1758 SAPIENTIAE]
860 1708 937 1745 Res
969 1708 1178 1758 sacrilegas
1211 1707 1422 1745 suadentis.

75 1767 261 1817 Epicurei
293 1767 396 1805 enim
428 1768 561 1805 omnia
593 1766 803 1804 adfirmant
828 1779 966 1804 casura
992 1762 1078 1818 (leq.
1106 1779 1198 1804 casu
1223 1761 1326 1818 regi)
1352 1779 1424 1804 nec

76 1827 171 1864 deos
202 1827 377 1864 humana
406 1839 552 1875 curare,
585 1826 770 1863 aduersus
798 1839 917 1874 quam
943 1827 1089 1863 sectam
1114 1825 1313 1876 Vergilius
1341 1822 1425 1877 [uel

76 1884 388 1935 persuasionem]
423 1885 523 1923 dixit
555 1880 635 1938 (ccl.
665 1886 701 1933 8,
730 1880 822 1937 35):

201 2014 218 2044 1
252 2010 316 2054 qui
347 2010 518 2055 Acchp]
552 2020 647 2054 quae
679 2024 699 2054 γ
739 2009 827 2053 quia
860 2009 1029 2044 Hauthal
1173 2013 1193 2044 3
1227 2020 1313 2044 seuo
1340 2010 1376 2045 A

76 2061 100 2092 8
126 2057 292 2091 hadriat:
326 2058 377 2103 A]
411 2057 548 2091 adriat:
577 2059 611 2091 Γ
624 2058 657 2091 V
654 2069 683 2101 p
715 2056 901 2102 <flsadriaci
926 2058 957 2101 c)
1101 2068 1208 2102 uerg:
1245 2058 1295 2103 A]
1322 2057 1422 2102 uirg:

76 2109 154 2140 cett.
255 2108 297 2138 10
312 2104 553 2150 COMPEDE]
569 2116 649 2138 com
663 2116 724 2139 seu
739 2115 807 2138 con
821 2105 972 2139 euanuit
985 2104 1025 2138 in
1036 2105 1071 2139 A
1169 2104 1373 2149 conpedeni
1387 2105 1422 2150 y]

80 2163 204 2196 comp:
244 2156 318 2187 cett.
467 2156 508 2186 12
546 2151 685 2186 mirtile
714 2152 747 2186 V
888 2155 929 2185 13
965 2163 1137 2186 conmou:
1175 2153 1210 2198 r]
1237 2163 1422 2186 common:

80 2213 100 2243 γ
111 2200 190 2243 ch
288 2202 329 2233 19
351 2199 416 2233 sed
429 2200 479 2244 A]
502 2210 567 2234 om.
578 2201 634 2233 ΓΖ
646 2200 678 2233 V
770 2203 812 2233 21
834 2198 906 2232 diis
920 2199 1009 2245 ΑΓ]
1025 2200 1190 2243 om.ch
1287 2203 1330 2233 23
1346 2199 1424 2243 epi-

80 2247 182 2281 curei
198 2247 247 2292 Γ]
263 2247 404 2291 epicuri
418 2247 559 2290 Afch
574 2246 742 2291 epycurii
756 2260 779 2280 α
843 2249 886 2280 24
900 2248 1040 2281 sectam
1052 2248 1146 2292 uerg·
1159 2247 1272 2291 (uirg:
1294 2249 1355 2281 Γα
1363 2249 1424 2290 fp)

79 2293 143 2327 uel
167 2294 446 2338 persuasionem
471 2295 632 2337 APafp
659 2295 797 2328 sectam
822 2293 884 2328 uel
909 2294 1187 2338 persuasionem
1206 2294 1306 2339 uirg:
1330 2295 1378 2328 Vc

1451 731 1494 761 10

1453 1218 1494 1247 15

1451 1597 1495 1626 20

1450 1892 1495 1922 25
