1664 2563
191 131 246 172 TO
630 131 880 167 EXPOSITIO
906 132 958 166 IN
982 132 1092 167 ΗΘΒ.

308 238 384 282 25.
417 243 538 282 *Siue
571 257 667 292 opus
701 247 758 282 est
788 246 1015 293 imperitare
1041 246 1149 293 equis
1177 239 1262 297 (p)]
1313 245 1385 282 Est
1410 245 1529 282 etiam

187 302 352 352 insignis
385 303 554 341 domitor
586 316 774 352 equorum
806 298 920 356 (Pop

307 369 383 412 26.
424 386 505 411 Nox
536 386 688 412 AVRIGA
719 371 858 425 PIGER]
916 375 1067 425 Auriga
1098 375 1298 413 Diomedis
1330 375 1423 423 fuit,
1461 375 1530 423 qui

188 445 326 481 corpus
364 432 538 471 Patrocli
576 447 663 471 cum
700 434 821 472 Aiace
859 436 897 471 et
933 434 1144 472 Antilocho
1183 434 1368 486 liberauit
1399 428 1530 487 (ΑΓα

139 498 159 528 5
186 503 284 529 cons.
305 503 360 539 cp

305 558 388 600 28..
427 574 531 600 ECCE
570 576 688 601 FVRIT
727 576 777 600 ΤΕ
815 576 1014 600 REPERIRE
1052 575 1187 601 ATROX
1219 559 1412 614 TYDIDES]
1475 563 1528 601 Et

184 622 257 659 hoc
281 622 446 659 inertiae
473 622 625 660 Paridis
653 623 834 673 adsignat
859 625 1013 660 tantam
1038 636 1189 661 moram
1215 635 1308 670 esse,
1337 624 1527 671 quantam

185 694 272 718 eum
304 681 449 718 faceret
480 682 660 719 inueniri.
718 681 808 719 Sine
841 683 1052 719 certamine
1085 683 1189 719 enim
1220 682 1330 720 uelut
1357 683 1399 719 in
1423 681 1526 720 bello

185 735 270 791 (leq.
297 735 500 781 inbellem)
540 753 620 778 esse
651 741 887 790 periturum,
929 741 1029 778 unde
1062 742 1100 778 et
1132 753 1220 778 eum
1252 753 1364 779 ceruo
1397 741 1447 778 ad
1477 742 1526 778 ti-

115 806 157 836 10
184 800 302 836 moris
335 799 634 837 similitudinem
666 801 911 849 comparauit
943 795 1158 852 (AFcoozs.
1179 812 1235 847 cp

301 870 453 895 MELIOR
492 855 641 909 PATRE]
705 859 780 896 Vel
810 859 966 907 fortior,
1005 860 1097 907 quia
1129 861 1168 897 et
1198 860 1361 896 numina
1391 859 1527 896 uulne-

182 918 305 966 rauit,
344 918 409 955 uel
440 919 533 966 quia
564 919 627 956 hic
660 918 709 955 ad
740 920 911 968 patriam
943 919 1070 956 uictor
1099 930 1277 956 reuersus
1310 920 1385 966 est,
1423 917 1527 967 quod

183 977 289 1025 patri
321 978 401 1014 eius
434 990 511 1014 non
543 978 763 1027 contigerat
795 972 925 1030 (ΑΓα
943 989 1041 1015 cons.
1063 989 1118 1025 cp

304 1042 380 1085 29.
413 1046 546 1085 *Οϊᾶο
579 1049 654 1085 est:
687 1061 802 1096 quem
833 1050 877 1085 tu
908 1049 1038 1085 mollis
1072 1048 1196 1098 fugies
1223 1048 1383 1085 sublimi
1409 1048 1525 1085 anhe-

114 1113 155 1143 15
182 1106 257 1143 litu
288 1107 349 1143 uti
381 1118 516 1144 ceruus
548 1108 753 1144 immemor
784 1108 972 1157 graminis
1005 1108 1133 1144 uisum
1164 1108 1301 1155 lupum
1332 1108 1374 1143 in
1400 1107 1526 1144 altera

181 1167 293 1214 parte
326 1166 441 1203 uallis
473 1166 578 1216 fugit
609 1160 767 1218 (Γ(γα)
782 1178 837 1214 cp
857 1178 956 1204 cons.
976 1167 1115 1214 Porple.
1136 1178 1207 1203 om.
1227 1165 1295 1203 Ar

302 1231 379 1274 31.
430 1233 594 1287 monnis]
652 1237 812 1274 Inbellis
845 1232 948 1289 (AF

301 1307 463 1333 svssmffl
506 1292 668 1346 Fvoffls]
730 1296 812 1333 Aut
855 1297 1039 1346 ypallage
1083 1296 1208 1346 figura
1250 1308 1321 1344 pro
1365 1295 1525 1332 sublimi

181 1356 292 1402 parte
325 1356 514 1404 corporis,
550 1355 650 1392 idest
681 1368 746 1393 ore
779 1355 883 1393 edito
916 1350 980 1407 (ex
1009 1350 1186 1407 Porph.)‚
1218 1355 1281 1392 uel
1313 1355 1406 1403 quia
1437 1355 1524 1402 ipsa

111 1420 155 1450 20
183 1414 377 1451 anhelitus
409 1414 552 1452 nebula
584 1426 735 1451 summa
767 1416 878 1463 petat
908 1415 1039 1463 potius
1066 1427 1185 1463 quam
1210 1415 1290 1451 ima
1313 1409 1523 1465 (Ascons.

181 1484 236 1519 ep
255 1484 326 1510 om.
347 1488 370 1510 α
401 1475 444 1510 ut
473 1473 628 1517 adsolet,
661 1475 753 1520 quia
787 1485 940 1511 sensum
970 1485 1048 1511 omn
1078 1473 1277 1511 intellexit&
1308 1474 1409 1510 extat
1432 1474 1523 1509 nota

181 1540 210 1563 (ο
243 1544 363 1578 supra
395 1545 432 1569 u.
458 1533 587 1570 mollis

301 1597 377 1641 32.
429 1603 545 1640 ssNon
582 1603 654 1640 hoc
691 1603 891 1652 pollicitus
924 1597 1034 1654 (cp)]
1100 1602 1258 1640 Scilicet
1294 1603 1338 1639 ut
1368 1601 1522 1651 fugeres

182 1656 328 1712 (Γαίῃ)

111 1739 154 1768 25
301 1727 377 1770 33.
429 1731 560 1770 ssOrdo
605 1734 680 1770 est:
728 1732 917 1769 iracunda
961 1732 1093 1769 classis
1137 1731 1307 1769 Achillei
1350 1731 1522 1780 proferet

182 1790 283 1828 diem
315 1791 389 1828 Ilio
423 1794 460 1828 et
491 1792 680 1829 matronis
712 1791 913 1841 Phrygum
946 1785 1092 1843 (Facp

298 1846 560 1901 IRACVND[1]A
591 1863 691 1887 DIEM
722 1846 830 1900 PRO]
865 1849 971 1894 Quae
1003 1863 1081 1888 non
1112 1851 1265 1898 tempus
1297 1849 1407 1886 uelut
1431 1861 1521 1897 pro-

299 1999 319 2029 4
340 1997 527 2031 antilocho
543 1998 605 2043 cxc]
628 1997 904 2040 antilocoAFp
1003 2001 1020 2030 7
1043 1996 1223 2031 inertieA
1291 1995 1458 2040 assignat
1470 2006 1520 2040 cp

181 2042 381 2087 adsignans
409 2046 470 2079 Ar
502 2045 674 2089 designat
699 2059 719 2090 y
816 2046 956 2089 quanta
982 2045 1044 2079 Ar
1075 2044 1253 2088 quantam
1277 2054 1326 2087 ep
1353 2053 1425 2087 que
1450 2056 1471 2087 y

181 2093 200 2122 9
234 2090 331 2135 eum]
360 2102 443 2124 cum
470 2093 505 2126 A
530 2096 569 2126 ut
594 2093 670 2126 uid.
736 2113 739 2117 -
771 2094 812 2125 10
845 2091 1077 2135 comparauit
1102 2091 1152 2136 A]
1180 2091 1370 2134 comparat
1393 2092 1469 2124 cett.

182 2140 223 2170 11
250 2137 311 2170 uel
337 2137 384 2183 f2]
411 2150 476 2172 om.
498 2152 521 2172 α
617 2139 740 2183 uuln:]
768 2138 929 2172 uiolauit
954 2152 977 2171 α
1123 2142 1165 2172 12
1191 2137 1324 2181 uictor]
1346 2147 1471 2171 omn-oc

183 2187 225 2217 14
251 2184 305 2229 tu]
334 2196 399 2219 om.
421 2199 445 2218 οι
567 2189 608 2219 16
635 2185 747 2231 fugit]
775 2197 840 2220 om.
862 2199 885 2218 α
1002 2188 1042 2218 19
1069 2184 1166 2230 ipsa]
1192 2185 1272 2228 ipse
1293 2195 1322 2227 p
1346 2184 1470 2228 Pauly

181 2235 224 2264 20
251 2231 437 2265 hanelitus
465 2232 551 2266 Arc
693 2232 830 2266 nebula
855 2232 919 2277 K]
946 2231 1083 2266 nabulo
1109 2232 1170 2266 Ac
1211 2230 1387 2264 uenabuli
1413 2242 1471 2274 γρ

179 2289 276 2312 uena
300 2291 319 2314 r
344 2280 478 2313 natura
502 2279 673 2313 Hauthsaz
696 2281 739 2313 ut
763 2279 899 2313 nebula
923 2279 1053 2322 suspic.
1075 2279 1199 2322 Pauly
1324 2281 1367 2311 23
1393 2278 1436 2311 ut
1460 2277 1518 2311 fu-

179 2336 283 2370 geres
310 2326 453 2360 scilicet
477 2338 526 2369 cp
622 2330 665 2359 25
692 2326 854 2370 proferet
874 2347 916 2350 —
937 2325 1136 2370 phrygum]
1157 2336 1221 2360 om.
1237 2326 1279 2367 F,
1297 2335 1372 2360 ‘non
1390 2335 1471 2369 occp

178 2372 344 2416 proferat
369 2387 392 2407 α
502 2377 546 2406 26
572 2372 756 2417 phrygum
778 2374 819 2418 p]
847 2373 984 2417 frigum
1011 2384 1062 2407 occ
1170 2375 1212 2406 27
1240 2372 1350 2418 quae]
1376 2382 1442 2407 om.
1462 2383 1518 2416 cp
