1664 2563
120 750 134 779 1
142 749 161 777 0

118 1305 159 1334 15

115 1659 158 1690 20

190 87 246 128 66
632 85 882 121 EXPOSITIO
908 85 960 119 IN
985 85 1096 120 HOR.

312 193 387 237 17.
414 198 578 247 '‘³²Nuper
604 199 815 236 sollicitum
841 211 941 246 quae
967 198 1065 235 mihi
1090 198 1241 235 tedium
1269 192 1356 250 (p)]
1389 194 1534 249 [Idest]

190 271 229 296 se
261 259 396 307 posuit
427 270 497 306 pro
529 258 625 294 naui
659 254 779 309 (Pap
798 269 897 294 cons.
918 269 937 294 c

309 328 553 354 SOLLICITVM
580 328 687 358 QVAE
713 329 804 353 MIHI
829 312 1002 366 Timum]
1052 316 1176 354 Nauis
1201 317 1283 354 siue
1302 317 1535 365 respublica,

190 389 290 426 quae
334 376 639 414 sollicitudinem
684 388 728 413 ex
772 376 850 412 suis
894 376 1008 412 malis
1047 375 1262 424 induxerit,
1305 388 1353 413 ne
1390 377 1534 413 iterum

191 437 294 473 sicut
325 435 396 473 sub
431 434 594 472 Caesare
624 435 842 483 trepidaret
874 429 1089 486 (AFcons.
1111 446 1166 482 cp

313 501 387 544 19.
428 501 504 544 20.
555 517 779 543 INTERFVSA
828 517 1024 542 NITEN'rEs
1073 517 1190 543 V1TEs
1241 517 1433 548 AEQVORA
1478 501 1532 556 o]

188 565 379 604 Absolute
422 565 574 603 locutus
619 568 694 612 est,
738 577 783 602 ac
821 566 853 601 si
892 565 1053 602 diceret:
1098 565 1198 602 uites
1238 576 1408 613 aequora
1445 564 1534 602 fusa

188 625 291 662 inter
328 625 497 662 nitentes
532 623 740 673 Cycladas,
778 624 879 661 idest
916 624 1030 674 longe
1062 626 1314 673 apparentes,
1354 626 1399 661 ut
1428 623 1534 661 inter

188 685 327 733 iniqua
358 684 444 721 loca
477 686 516 720 et
546 686 813 732 tempestuosa
844 683 946 720 uada
978 686 1017 720 te
1049 683 1258 731 custodias,
1290 685 1329 720 et
1361 684 1412 720 sis
1440 683 1533 720 alie-

188 755 260 780 nus
300 756 322 780 a
358 743 452 780 belli
494 743 677 781 consiliis.
751 742 950 792 Vergilius
990 737 1105 794 (Am.
1132 742 1193 778 III
1222 742 1315 779 126.
1345 736 1448 794 127)
1486 742 1533 779 de

188 802 311 840 isdem
343 803 498 840 insulis:

897 860 1137 910 Sparsasque
1168 873 1237 909 per
1269 872 1415 908 aequor

403 920 592 969 Cycladas
627 915 730 971 (AF
744 931 842 957 cons.
865 932 948 967 ocp

720 1192 873 1230 CARM.
902 1192 919 1229 I
950 1193 1000 1229 15

509 1296 582 1350 [AD
616 1311 891 1337 ALEXANDRVM
924 1310 1105 1335 PARIDEM
1138 1293 1211 1349 (A]

306 1405 462 1431 PASTOR
496 1406 577 1432 cvii
609 1406 824 1431 TRAHERET
856 1406 890 1430 P.
918 1406 951 1430 F.
979 1389 1035 1443 Ν]
1098 1405 1210 1429 PRIMI
1243 1403 1344 1429 Tizns
1376 1402 1530 1430 vmzsvs

186 1464 467 1501 ASCLEPIADEI,
500 1465 684 1496 QVARTVS
718 1464 944 1491 GLYCONIVS
979 1447 1224 1504 (ABFsim.
1245 1463 1300 1499 cp

306 1519 349 1562 2.
394 1520 611 1574 PERFIDVS]
674 1523 775 1568 Quia
817 1524 858 1560 in
902 1523 1018 1560 fidem
1061 1523 1178 1560 amici
1214 1522 1531 1570 hospitalitatem

185 1582 372 1620 uiolando
406 1583 643 1621 commiserit
675 1578 836 1635 (AFcp

305 1648 349 1692 3.
382 1665 560 1691 INGRATO
594 1665 772 1690 CELERES
805 1649 920 1703 orlo]
963 1653 1046 1690 Aut
1076 1652 1206 1689 uentis
1240 1647 1344 1703 (sim.
1369 1646 1528 1703 Porph.)

186 1715 255 1749 aut
287 1712 421 1749 Paridi
454 1708 645 1760 (AFcccp

304 1768 470 1822 ossnvir]
526 1772 740 1822 Mitigauit,
773 1772 988 1820 conpressit
1021 1765 1213 1823 (Asacp

304 1837 348 1880 4.
381 1842 464 1879 ²³²·Vt
495 1846 651 1880 caneret
684 1838 772 1894 (pss
828 1842 882 1879 Vt
913 1841 1156 1890 praediceret
1187 1835 1309 1892 (Pap

303 2004 324 2033 4
359 2001 546 2036 induxerit
576 2003 607 2047 c]
635 2002 812 2036 indixerit
843 2003 904 2036 Ar
947 2001 1133 2035 indixerat
1164 2014 1184 2044 γ
1227 1999 1425 2033 induxerat
1450 2009 1480 2042 p

185 2050 205 2080 ἴ)
233 2058 355 2082 cesare
376 2050 411 2082 A
509 2053 526 2082 7
549 2060 686 2094 equora
706 2051 741 2084 A
838 2048 920 2082 fusa
939 2060 988 2092 cp
1006 2059 1099 2084 cons.
1121 2047 1271 2092 Porph]
1293 2057 1358 2081 om.
1373 2047 1477 2080 ΑΓο

185 2098 205 2128 8
232 2094 330 2128 idest
366 2095 476 2140 longe
507 2097 538 2141 c]
566 2097 676 2141 longe
703 2096 845 2130 scilicet
876 2108 895 2131 r
943 2095 1054 2139 longe
1078 2096 1174 2139 Ayp
1271 2096 1313 2127 10
1338 2094 1447 2136 uergi
1473 2092 1526 2137 A]

183 2141 277 2186 uirg.
311 2147 384 2177 cett.
533 2148 574 2177 12
611 2154 831 2188 sparsasque
859 2164 900 2168 —
928 2142 1116 2187 cycladas]
1151 2151 1217 2185 spa
1249 2142 1306 2184 (=
1327 2151 1354 2174 S·
1374 2151 1409 2183 P·
1431 2140 1478 2183 a·)
1504 2153 1526 2183 Υ

185 2200 249 2223 om.
272 2201 317 2224 ro
415 2200 553 2234 aequor
573 2192 615 2235 p]
644 2202 781 2235 equora
800 2192 836 2225 A
863 2201 976 2234 equor
1001 2201 1019 2224 c
1116 2192 1158 2223 13
1186 2187 1358 2231 cycladas
1384 2186 1446 2231 ep]
1475 2186 1526 2221 ci-

185 2235 311 2270 cladas
337 2237 373 2271 A
518 2241 560 2271 16
593 2240 751 2272 metrum
787 2238 905 2272 tribus
942 2236 1111 2271 uersibus
1143 2234 1410 2279 asclipiadcum
1441 2234 1478 2268 B

186 2286 228 2316 17
268 2283 462 2327 glyconius
500 2285 550 2330 B]
579 2284 762 2329 gliconius
801 2287 892 2328 Acp
942 2283 1146 2329 gliconicus
1177 2294 1196 2317 r
1245 2281 1424 2315 cliconius
1456 2294 1477 2325 γ

185 2333 229 2363 ‘22
255 2331 460 2377 mitigauit]
488 2332 686 2376 impediuit
712 2346 734 2366 α
833 2343 961 2376 conpr:
989 2333 1023 2366 A
1033 2331 1068 2376 y]
1095 2329 1312 2374 compressit
1336 2332 1411 2363 cett.
