<?xml version="1.0" encoding="UTF-8"?>
<!DOCTYPE html PUBLIC "-//W3C//DTD XHTML 1.0 Transitional//EN"
    "http://www.w3.org/TR/xhtml1/DTD/xhtml1-transitional.dtd">
<html xmlns="http://www.w3.org/1999/xhtml" xml:lang="en" lang="en">
 <head>
  <title>
</title>
<meta http-equiv="Content-Type" content="text/html;charset=utf-8" />
  <meta name='ocr-system' content='tesseract 3.04.00' />
  <meta name='ocr-capabilities' content='ocr_page ocr_carea ocr_par ocr_line ocrx_word'/>
</head>
<body>
  <div class='ocr_page' id='page_1' title='image "./pseudacronisscho01kelluoft_0145.png"; bbox 0 0 1664 2563; ppageno 0'>
   <div class='ocr_carea' id='block_1_1' title="bbox 609 90 1410 134">
    <p class='ocr_par' dir='ltr' id='par_1_1' title="bbox 609 90 1410 134">
     <span class='ocr_line' id='line_1_1' title="bbox 609 90 1410 134; baseline 0.011 -9"><span class='ocrx_word' id='word_1_1' title='bbox 609 90 752 125; x_wconf 84' lang='lat' dir='ltr'>CARM.</span> <span class='ocrx_word' id='word_1_2' title='bbox 771 91 786 125; x_wconf 93' lang='grc' dir='ltr'>Ι</span> <span class='ocrx_word' id='word_1_3' title='bbox 808 95 850 126; x_wconf 83' lang='lat'>35</span> <span class='ocrx_word' id='word_1_4' title='bbox 1326 92 1410 134; x_wconf 78' lang='grc'>125</span> 
     </span>
    </p>
   </div>
   <div class='ocr_carea' id='block_1_2' title="bbox 57 199 1411 316">
    <p class='ocr_par' dir='ltr' id='par_1_2' title="bbox 57 199 1411 316">
     <span class='ocr_line' id='line_1_2' title="bbox 177 199 1411 255; baseline 0.001 -13"><span class='ocrx_word' id='word_1_5' title='bbox 177 199 252 243; x_wconf 89' lang='grc'><strong>22.</strong></span> <span class='ocrx_word' id='word_1_6' title='bbox 285 215 363 241; x_wconf 82' lang='lat' dir='ltr'>NEC</span> <span class='ocrx_word' id='word_1_7' title='bbox 398 215 582 241; x_wconf 76' lang='lat' dir='ltr'>coanM</span> <span class='ocrx_word' id='word_1_8' title='bbox 614 200 824 255; x_wconf 79' lang='lat' dir='ltr'>ABNEGAT]</span> <span class='ocrx_word' id='word_1_9' title='bbox 857 204 1080 242; x_wconf 81' lang='lat' dir='ltr'>Abscedens</span> <span class='ocrx_word' id='word_1_10' title='bbox 1115 205 1218 242; x_wconf 89' lang='lat' dir='ltr'>enim</span> <span class='ocrx_word' id='word_1_11' title='bbox 1250 205 1411 243; x_wconf 84' lang='lat' dir='ltr'>fortuna</span> 
     </span>
     <span class='ocr_line' id='line_1_3' title="bbox 57 258 1339 316; baseline -0.001 -14"><span class='ocrx_word' id='word_1_12' title='bbox 57 264 179 302; x_wconf 86' lang='lat' dir='ltr'>etiam</span> <span class='ocrx_word' id='word_1_13' title='bbox 208 263 325 301; x_wconf 85' lang='lat' dir='ltr'>fidem</span> <span class='ocrx_word' id='word_1_14' title='bbox 358 275 488 301; x_wconf 81' lang='lat' dir='ltr'>secum</span> <span class='ocrx_word' id='word_1_15' title='bbox 521 262 662 312; x_wconf 82' lang='lat' dir='ltr'>aufert,</span> <span class='ocrx_word' id='word_1_16' title='bbox 695 265 740 300; x_wconf 84' lang='lat' dir='ltr'>ut</span> <span class='ocrx_word' id='word_1_17' title='bbox 771 263 971 301; x_wconf 85' lang='lat' dir='ltr'>quenalis</span> <span class='ocrx_word' id='word_1_18' title='bbox 1004 258 1062 316; x_wconf 80' lang='lat'>(3,</span> <span class='ocrx_word' id='word_1_19' title='bbox 1092 265 1186 301; x_wconf 68' lang='lat'>143.</span> <span class='ocrx_word' id='word_1_20' title='bbox 1217 260 1339 316; x_wconf 50' lang='lat'>1420:</span> 
     </span>
    </p>
   </div>
   <div class='ocr_carea' id='block_1_3' title="bbox 235 345 1410 457">
    <p class='ocr_par' dir='ltr' id='par_1_3' title="bbox 235 345 1410 457">
     <span class='ocr_line' id='line_1_4' title="bbox 235 345 1410 396; baseline 0.002 -13"><span class='ocrx_word' id='word_1_21' title='bbox 235 345 435 391; x_wconf 85' lang='lat' dir='ltr'>Quantum</span> <span class='ocrx_word' id='word_1_22' title='bbox 473 347 640 395; x_wconf 86' lang='lat' dir='ltr'>quisque</span> <span class='ocrx_word' id='word_1_23' title='bbox 681 358 753 383; x_wconf 87' lang='lat' dir='ltr'>sua</span> <span class='ocrx_word' id='word_1_24' title='bbox 785 359 1036 384; x_wconf 86' lang='lat' dir='ltr'>nummorum</span> <span class='ocrx_word' id='word_1_25' title='bbox 1068 346 1202 385; x_wconf 85' lang='lat' dir='ltr'>condit</span> <span class='ocrx_word' id='word_1_26' title='bbox 1233 347 1274 384; x_wconf 89' lang='lat' dir='ltr'>in</span> <span class='ocrx_word' id='word_1_27' title='bbox 1308 360 1410 396; x_wconf 84' lang='lat' dir='ltr'>area,</span> 
     </span>
     <span class='ocr_line' id='line_1_5' title="bbox 235 400 963 457; baseline 0.001 -15"><span class='ocrx_word' id='word_1_28' title='bbox 235 406 409 443; x_wconf 86' lang='lat' dir='ltr'>Tantum</span> <span class='ocrx_word' id='word_1_29' title='bbox 441 405 561 443; x_wconf 83' lang='lat' dir='ltr'>habet</span> <span class='ocrx_word' id='word_1_30' title='bbox 594 407 632 443; x_wconf 87' lang='lat' dir='ltr'>et</span> <span class='ocrx_word' id='word_1_31' title='bbox 663 405 755 443; x_wconf 89' lang='lat' dir='ltr'>fidei</span> <span class='ocrx_word' id='word_1_32' title='bbox 788 400 963 457; x_wconf 72' lang='lat' dir='ltr'>(AFaV</span> 
     </span>
    </p>
   </div>
   <div class='ocr_carea' id='block_1_4' title="bbox 55 500 1481 907">
    <p class='ocr_par' dir='ltr' id='par_1_4' title="bbox 55 500 1480 613">
     <span class='ocr_line' id='line_1_6' title="bbox 175 500 1480 551; baseline 0 -12"><span class='ocrx_word' id='word_1_33' title='bbox 175 500 280 539; x_wconf 89' lang='lat' dir='ltr'>Ordo</span> <span class='ocrx_word' id='word_1_34' title='bbox 319 502 395 539; x_wconf 85' lang='lat' dir='ltr'>est:</span> <span class='ocrx_word' id='word_1_35' title='bbox 445 513 515 539; x_wconf 82' lang='lat' dir='ltr'>nee</span> <span class='ocrx_word' id='word_1_36' title='bbox 554 500 725 551; x_wconf 81' lang='lat' dir='ltr'>abnegat</span> <span class='ocrx_word' id='word_1_37' title='bbox 763 501 963 550; x_wconf 84' lang='lat' dir='ltr'>comitem,</span> <span class='ocrx_word' id='word_1_38' title='bbox 1002 502 1216 550; x_wconf 79' lang='lat' dir='ltr'>utcumque</span> <span class='ocrx_word' id='word_1_39' title='bbox 1248 502 1410 539; x_wconf 77' lang='lat' dir='ltr'>inimica</span> <span class='ocrx_word' id='word_1_40' title='bbox 1460 510 1480 539; x_wconf 81' lang='lat'>5</span> 
     </span>
     <span class='ocr_line' id='line_1_7' title="bbox 55 556 1083 613; baseline 0.002 -16"><span class='ocrx_word' id='word_1_41' title='bbox 55 561 205 610; x_wconf 86' lang='lat' dir='ltr'>linquis</span> <span class='ocrx_word' id='word_1_42' title='bbox 237 562 418 610; x_wconf 87' lang='lat' dir='ltr'>potentes</span> <span class='ocrx_word' id='word_1_43' title='bbox 451 560 586 599; x_wconf 85' lang='lat' dir='ltr'>domos</span> <span class='ocrx_word' id='word_1_44' title='bbox 619 562 777 598; x_wconf 84' lang='lat' dir='ltr'>mutata</span> <span class='ocrx_word' id='word_1_45' title='bbox 809 562 919 598; x_wconf 89' lang='lat' dir='ltr'>ueste</span> <span class='ocrx_word' id='word_1_46' title='bbox 952 556 1083 613; x_wconf 77' lang='lat' dir='ltr'><em>(FccV</em></span> 
     </span>
    </p>

    <p class='ocr_par' dir='ltr' id='par_1_5' title="bbox 55 614 1481 907">
     <span class='ocr_line' id='line_1_8' title="bbox 176 614 1130 672; baseline 0.001 -15"><span class='ocrx_word' id='word_1_47' title='bbox 176 615 253 659; x_wconf 85' lang='lat'>23.</span> <span class='ocrx_word' id='word_1_48' title='bbox 295 616 535 670; x_wconf 81' lang='lat' dir='ltr'><strong>VTCVMQVE]</strong></span> <span class='ocrx_word' id='word_1_49' title='bbox 587 619 947 669; x_wconf 77' lang='lat' dir='ltr'>Quotienscumque</span> <span class='ocrx_word' id='word_1_50' title='bbox 980 614 1130 672; x_wconf 80' lang='lat' dir='ltr'><strong><em>(AFV</em></strong></span> 
     </span>
     <span class='ocr_line' id='line_1_9' title="bbox 174 674 1309 731; baseline 0.001 -15"><span class='ocrx_word' id='word_1_51' title='bbox 174 691 341 717; x_wconf 78' lang='lat' dir='ltr'>MVTATA</span> <span class='ocrx_word' id='word_1_52' title='bbox 371 676 520 730; x_wconf 81' lang='lat' dir='ltr'>VESTE]</span> <span class='ocrx_word' id='word_1_53' title='bbox 575 679 661 716; x_wconf 84' lang='lat' dir='ltr'>Aut</span> <span class='ocrx_word' id='word_1_54' title='bbox 691 679 803 717; x_wconf 79' lang='lat' dir='ltr'>luctu</span> <span class='ocrx_word' id='word_1_55' title='bbox 836 682 905 716; x_wconf 86' lang='lat' dir='ltr'>aut</span> <span class='ocrx_word' id='word_1_56' title='bbox 936 681 1125 729; x_wconf 80' lang='lat' dir='ltr'>pauperie</span> <span class='ocrx_word' id='word_1_57' title='bbox 1159 674 1262 731; x_wconf 79' lang='grc' dir='ltr'>(ΑΓ</span> <span class='ocrx_word' id='word_1_58' title='bbox 1272 680 1309 718; x_wconf 88' lang='lat' dir='ltr'><strong><em>V</em></strong></span> 
     </span>
     <span class='ocr_line' id='line_1_10' title="bbox 176 734 1409 789; baseline 0 -13"><span class='ocrx_word' id='word_1_59' title='bbox 176 734 253 778; x_wconf 78' lang='lat'>25.</span> <span class='ocrx_word' id='word_1_60' title='bbox 279 750 332 776; x_wconf 81' lang='lat' dir='ltr'>AT</span> <span class='ocrx_word' id='word_1_61' title='bbox 358 750 516 777; x_wconf 83' lang='lat' dir='ltr'>VVLGVS</span> <span class='ocrx_word' id='word_1_62' title='bbox 542 735 731 789; x_wconf 66' lang='lat' dir='ltr'>mmmm]</span> <span class='ocrx_word' id='word_1_63' title='bbox 764 739 921 789; x_wconf 84' lang='lat' dir='ltr'>Vulgus</span> <span class='ocrx_word' id='word_1_64' title='bbox 943 741 982 776; x_wconf 90' lang='lat' dir='ltr'>et</span> <span class='ocrx_word' id='word_1_65' title='bbox 1000 740 1185 777; x_wconf 83' lang='lat' dir='ltr'>meretrix</span> <span class='ocrx_word' id='word_1_66' title='bbox 1204 740 1409 777; x_wconf 82' lang='lat' dir='ltr'>fortunam</span> 
     </span>
     <span class='ocr_line' id='line_1_11' title="bbox 55 798 1481 848; baseline 0.001 -12"><span class='ocrx_word' id='word_1_67' title='bbox 55 799 210 836; x_wconf 82' lang='lat' dir='ltr'>tristem</span> <span class='ocrx_word' id='word_1_68' title='bbox 243 798 460 836; x_wconf 81' lang='lat' dir='ltr'>amicorum</span> <span class='ocrx_word' id='word_1_69' title='bbox 492 810 570 836; x_wconf 88' lang='lat' dir='ltr'>non</span> <span class='ocrx_word' id='word_1_70' title='bbox 603 800 789 836; x_wconf 79' lang='lat' dir='ltr'>secuntur</span> <span class='ocrx_word' id='word_1_71' title='bbox 820 800 882 835; x_wconf 92' lang='lat' dir='ltr'>uti</span> <span class='ocrx_word' id='word_1_72' title='bbox 912 811 1159 848; x_wconf 73' lang='lat' dir='ltr'>prosperamt,</span> <span class='ocrx_word' id='word_1_73' title='bbox 1192 799 1296 847; x_wconf 88' lang='lat' dir='ltr'>quod</span> <span class='ocrx_word' id='word_1_74' title='bbox 1320 799 1409 837; x_wconf 89' lang='lat' dir='ltr'>ideo</span> <span class='ocrx_word' id='word_1_75' title='bbox 1438 806 1481 837; x_wconf 89' lang='lat'>10</span> 
     </span>
     <span class='ocr_line' id='line_1_12' title="bbox 56 857 1409 907; baseline 0.001 -12"><span class='ocrx_word' id='word_1_76' title='bbox 56 857 164 906; x_wconf 79' lang='lat' dir='ltr'>dicit,</span> <span class='ocrx_word' id='word_1_77' title='bbox 197 858 291 907; x_wconf 88' lang='lat' dir='ltr'>quia</span> <span class='ocrx_word' id='word_1_78' title='bbox 323 858 507 895; x_wconf 86' lang='lat' dir='ltr'>fortunae</span> <span class='ocrx_word' id='word_1_79' title='bbox 534 859 721 895; x_wconf 87' lang='lat' dir='ltr'>euentum</span> <span class='ocrx_word' id='word_1_80' title='bbox 748 857 879 895; x_wconf 83' lang='lat' dir='ltr'>subire</span> <span class='ocrx_word' id='word_1_81' title='bbox 906 870 945 895; x_wconf 91' lang='lat' dir='ltr'>se</span> <span class='ocrx_word' id='word_1_82' title='bbox 971 858 1205 906; x_wconf 81' lang='lat' dir='ltr'>plerumque</span> <span class='ocrx_word' id='word_1_83' title='bbox 1231 858 1409 896; x_wconf 81' lang='lat' dir='ltr'>homines</span> 
     </span>
    </p>
   </div>
   <div class='ocr_carea' id='block_1_5' title="bbox 55 912 1409 969">
    <p class='ocr_par' dir='ltr' id='par_1_6' title="bbox 55 912 1409 969">
     <span class='ocr_line' id='line_1_13' title="bbox 55 912 1409 969; baseline 0.001 -15"><span class='ocrx_word' id='word_1_84' title='bbox 55 917 243 968; x_wconf 85' lang='lat' dir='ltr'>uulgares</span> <span class='ocrx_word' id='word_1_85' title='bbox 276 919 424 967; x_wconf 85' lang='lat' dir='ltr'>negant</span> <span class='ocrx_word' id='word_1_86' title='bbox 456 912 520 969; x_wconf 64' lang='lat' dir='ltr'>(ex</span> <span class='ocrx_word' id='word_1_87' title='bbox 545 912 716 969; x_wconf 62' lang='lat' dir='ltr'>Porph.)</span> <span class='ocrx_word' id='word_1_88' title='bbox 774 917 976 954; x_wconf 84' lang='lat' dir='ltr'>quenalis</span> <span class='ocrx_word' id='word_1_89' title='bbox 1010 912 1097 969; x_wconf 84' lang='lat'>(10,</span> <span class='ocrx_word' id='word_1_90' title='bbox 1127 919 1190 955; x_wconf 77' lang='lat'>72.</span> <span class='ocrx_word' id='word_1_91' title='bbox 1223 919 1286 955; x_wconf 83' lang='lat'>73.</span> <span class='ocrx_word' id='word_1_92' title='bbox 1317 913 1409 968; x_wconf 72' lang='lat'>74):</span> 
     </span>
    </p>
   </div>
   <div class='ocr_carea' id='block_1_6' title="bbox 806 998 1010 1049">
    <p class='ocr_par' dir='ltr' id='par_1_7' title="bbox 806 998 1010 1049">
     <span class='ocr_line' id='line_1_14' title="bbox 806 998 1010 1049; baseline 0 -12"><span class='ocrx_word' id='word_1_93' title='bbox 806 998 882 1037; x_wconf 81' lang='lat' dir='ltr'>Sed</span> <span class='ocrx_word' id='word_1_94' title='bbox 914 1000 1010 1049; x_wconf 86' lang='lat' dir='ltr'>quid</span> 
     </span>
    </p>
   </div>
   <div class='ocr_carea' id='block_1_7' title="bbox 233 1056 1479 1171">
    <p class='ocr_par' dir='ltr' id='par_1_8' title="bbox 233 1056 1479 1171">
     <span class='ocr_line' id='line_1_15' title="bbox 234 1056 1409 1110; baseline 0.001 -14"><span class='ocrx_word' id='word_1_95' title='bbox 234 1059 369 1097; x_wconf 88' lang='lat' dir='ltr'>Turba</span> <span class='ocrx_word' id='word_1_96' title='bbox 388 1056 583 1110; x_wconf 68' lang='lat' dir='ltr'>Rem&lt;1&gt;2&gt;</span> <span class='ocrx_word' id='word_1_97' title='bbox 608 1059 789 1108; x_wconf 84' lang='lat' dir='ltr'>sequitur</span> <span class='ocrx_word' id='word_1_98' title='bbox 808 1060 1009 1097; x_wconf 84' lang='lat' dir='ltr'>fortunam</span> <span class='ocrx_word' id='word_1_99' title='bbox 1029 1061 1074 1097; x_wconf 89' lang='lat' dir='ltr'>ut</span> <span class='ocrx_word' id='word_1_100' title='bbox 1094 1072 1246 1110; x_wconf 83' lang='lat' dir='ltr'>semper</span> <span class='ocrx_word' id='word_1_101' title='bbox 1267 1063 1305 1099; x_wconf 87' lang='lat' dir='ltr'>et</span> <span class='ocrx_word' id='word_1_102' title='bbox 1325 1060 1409 1098; x_wconf 86' lang='lat' dir='ltr'>odit</span> 
     </span>
     <span class='ocr_line' id='line_1_16' title="bbox 233 1114 1479 1171; baseline 0.002 -15"><span class='ocrx_word' id='word_1_103' title='bbox 233 1119 452 1157; x_wconf 80' lang='lat' dir='ltr'>Damnatos</span> <span class='ocrx_word' id='word_1_104' title='bbox 487 1114 662 1171; x_wconf 70' lang='lat' dir='ltr'>(AFaV</span> <span class='ocrx_word' id='word_1_105' title='bbox 1436 1128 1479 1158; x_wconf 83' lang='lat'>15</span> 
     </span>
    </p>
   </div>
   <div class='ocr_carea' id='block_1_8' title="bbox 175 1208 1408 1384">
    <p class='ocr_par' dir='ltr' id='par_1_9' title="bbox 175 1208 1408 1384">
     <span class='ocr_line' id='line_1_17' title="bbox 175 1208 798 1266; baseline -0.002 -14"><span class='ocrx_word' id='word_1_106' title='bbox 175 1209 253 1253; x_wconf 88' lang='grc'>26.</span> <span class='ocrx_word' id='word_1_107' title='bbox 288 1210 428 1265; x_wconf 84' lang='lat' dir='ltr'>CEDIT]</span> <span class='ocrx_word' id='word_1_108' title='bbox 485 1213 663 1251; x_wconf 73' lang='lat' dir='ltr'>Discedit</span> <span class='ocrx_word' id='word_1_109' title='bbox 695 1208 798 1266; x_wconf 82' lang='grc' dir='ltr'>(ΑΓ</span> 
     </span>
     <span class='ocr_line' id='line_1_18' title="bbox 176 1270 681 1325; baseline 0 -15"><span class='ocrx_word' id='word_1_110' title='bbox 176 1270 315 1324; x_wconf 80' lang='lat' dir='ltr'>CADIS]</span> <span class='ocrx_word' id='word_1_111' title='bbox 371 1273 544 1323; x_wconf 85' lang='lat' dir='ltr'>Lagonis</span> <span class='ocrx_word' id='word_1_112' title='bbox 578 1272 681 1325; x_wconf 78' lang='lat' dir='ltr'>(AF</span> 
     </span>
     <span class='ocr_line' id='line_1_19' title="bbox 176 1328 1408 1384; baseline 0.001 -14"><span class='ocrx_word' id='word_1_113' title='bbox 176 1328 252 1372; x_wconf 84' lang='grc'><strong>26.</strong></span> <span class='ocrx_word' id='word_1_114' title='bbox 288 1328 364 1371; x_wconf 80' lang='grc'><strong>27.</strong></span> <span class='ocrx_word' id='word_1_115' title='bbox 421 1345 669 1371; x_wconf 69' lang='lat' dir='ltr'>DIFFVGIVNT</span> <span class='ocrx_word' id='word_1_116' title='bbox 715 1344 834 1370; x_wconf 70' lang='lat' dir='ltr'>CADIS</span> <span class='ocrx_word' id='word_1_117' title='bbox 880 1344 961 1371; x_wconf 74' lang='lat' dir='ltr'>CVM</span> <span class='ocrx_word' id='word_1_118' title='bbox 1006 1345 1109 1370; x_wconf 81' lang='lat' dir='ltr'>FECE</span> <span class='ocrx_word' id='word_1_119' title='bbox 1156 1344 1185 1370; x_wconf 86' lang='lat' dir='ltr'>s.</span> <span class='ocrx_word' id='word_1_120' title='bbox 1213 1329 1270 1384; x_wconf 75' lang='lat' dir='ltr'>A]</span> <span class='ocrx_word' id='word_1_121' title='bbox 1333 1333 1408 1371; x_wconf 86' lang='lat' dir='ltr'>Per</span> 
     </span>
    </p>
   </div>
   <div class='ocr_carea' id='block_1_9' title="bbox 55 1392 1479 1504">
    <p class='ocr_par' dir='ltr' id='par_1_10' title="bbox 55 1392 1479 1504">
     <span class='ocr_line' id='line_1_20' title="bbox 56 1392 1408 1443; baseline 0 -13"><span class='ocrx_word' id='word_1_122' title='bbox 56 1392 287 1443; x_wconf 81' lang='lat' dir='ltr'>allegoriam</span> <span class='ocrx_word' id='word_1_123' title='bbox 326 1392 498 1430; x_wconf 80' lang='lat' dir='ltr'>ostendit</span> <span class='ocrx_word' id='word_1_124' title='bbox 536 1405 618 1440; x_wconf 81' lang='lat' dir='ltr'>eos,</span> <span class='ocrx_word' id='word_1_125' title='bbox 657 1392 726 1440; x_wconf 85' lang='lat' dir='ltr'>qui</span> <span class='ocrx_word' id='word_1_126' title='bbox 758 1393 901 1430; x_wconf 89' lang='lat' dir='ltr'>nolunt</span> <span class='ocrx_word' id='word_1_127' title='bbox 933 1393 1151 1431; x_wconf 84' lang='lat' dir='ltr'>amicorum</span> <span class='ocrx_word' id='word_1_128' title='bbox 1182 1393 1408 1431; x_wconf 85' lang='lat' dir='ltr'>necessitati</span> 
     </span>
     <span class='ocr_line' id='line_1_21' title="bbox 55 1446 1479 1504; baseline 0.001 -14"><span class='ocrx_word' id='word_1_129' title='bbox 55 1452 243 1502; x_wconf 80' lang='lat' dir='ltr'>coniungi</span> <span class='ocrx_word' id='word_1_130' title='bbox 277 1447 340 1504; x_wconf 68' lang='lat' dir='ltr'>(ex</span> <span class='ocrx_word' id='word_1_131' title='bbox 365 1446 538 1503; x_wconf 53' lang='lat' dir='ltr'>Pomm),</span> <span class='ocrx_word' id='word_1_132' title='bbox 570 1454 617 1489; x_wconf 89' lang='lat' dir='ltr'>ut</span> <span class='ocrx_word' id='word_1_133' title='bbox 650 1446 755 1503; x_wconf 81' lang='lat' dir='ltr'>(Ter.</span> <span class='ocrx_word' id='word_1_134' title='bbox 784 1464 867 1490; x_wconf 74' lang='lat' dir='ltr'>eun.</span> <span class='ocrx_word' id='word_1_135' title='bbox 896 1452 936 1489; x_wconf 90' lang='lat' dir='ltr'>II</span> <span class='ocrx_word' id='word_1_136' title='bbox 964 1454 1000 1500; x_wconf 86' lang='grc'><strong>2,</strong></span> <span class='ocrx_word' id='word_1_137' title='bbox 1030 1448 1092 1504; x_wconf 81' lang='grc'>7);</span> <span class='ocrx_word' id='word_1_138' title='bbox 1434 1460 1479 1491; x_wconf 76' lang='grc'>20</span> 
     </span>
    </p>
   </div>
   <div class='ocr_carea' id='block_1_10' title="bbox 236 1530 1294 1588">
    <p class='ocr_par' dir='ltr' id='par_1_11' title="bbox 236 1530 1294 1588">
     <span class='ocr_line' id='line_1_22' title="bbox 236 1530 1294 1588; baseline 0.001 -15"><span class='ocrx_word' id='word_1_139' title='bbox 236 1533 379 1573; x_wconf 88' lang='lat' dir='ltr'>Omnes</span> <span class='ocrx_word' id='word_1_140' title='bbox 411 1549 473 1573; x_wconf 89' lang='lat' dir='ltr'>me</span> <span class='ocrx_word' id='word_1_141' title='bbox 504 1535 590 1573; x_wconf 90' lang='lat' dir='ltr'>noti</span> <span class='ocrx_word' id='word_1_142' title='bbox 622 1537 741 1584; x_wconf 86' lang='lat' dir='ltr'>atque</span> <span class='ocrx_word' id='word_1_143' title='bbox 775 1536 892 1574; x_wconf 81' lang='lat' dir='ltr'>amici</span> <span class='ocrx_word' id='word_1_144' title='bbox 923 1535 1108 1574; x_wconf 87' lang='lat' dir='ltr'>deserunt</span> <span class='ocrx_word' id='word_1_145' title='bbox 1144 1530 1247 1588; x_wconf 80' lang='lat' dir='ltr'>(AF</span> <span class='ocrx_word' id='word_1_146' title='bbox 1257 1536 1294 1574; x_wconf 91' lang='lat' dir='ltr'><strong><em>V</em></strong></span> 
     </span>
    </p>
   </div>
   <div class='ocr_carea' id='block_1_11' title="bbox 5 1625 1477 1919">
    <p class='ocr_par' dir='ltr' id='par_1_12' title="bbox 5 1625 1408 1801">
     <span class='ocr_line' id='line_1_23' title="bbox 176 1625 1408 1681; baseline 0 -13"><span class='ocrx_word' id='word_1_147' title='bbox 176 1625 252 1669; x_wconf 84' lang='grc'><strong>29.</strong></span> <span class='ocrx_word' id='word_1_148' title='bbox 311 1641 460 1668; x_wconf 73' lang='lat' dir='ltr'>sssRvsss</span> <span class='ocrx_word' id='word_1_149' title='bbox 493 1643 646 1668; x_wconf 78' lang='lat' dir='ltr'>ITVRVM</span> <span class='ocrx_word' id='word_1_150' title='bbox 680 1643 713 1667; x_wconf 79' lang='lat' dir='ltr'>c.</span> <span class='ocrx_word' id='word_1_151' title='bbox 740 1643 763 1667; x_wconf 92' lang='lat'>1.</span> <span class='ocrx_word' id='word_1_152' title='bbox 792 1627 847 1681; x_wconf 84' lang='lat' dir='ltr'>v.]</span> <span class='ocrx_word' id='word_1_153' title='bbox 909 1630 985 1669; x_wconf 91' lang='lat' dir='ltr'>Per</span> <span class='ocrx_word' id='word_1_154' title='bbox 1022 1631 1243 1680; x_wconf 74' lang='lat' dir='ltr'>yperbaton</span> <span class='ocrx_word' id='word_1_155' title='bbox 1275 1633 1408 1669; x_wconf 82' lang='lat' dir='ltr'>sensui</span> 
     </span>
     <span class='ocr_line' id='line_1_24' title="bbox 5 1685 1406 1742; baseline -0.001 -14"><span class='ocrx_word' id='word_1_156' title='bbox 5 1694 13 1703; x_wconf 78' lang='lat'><strong><em>¹</em></strong></span> <span class='ocrx_word' id='word_1_157' title='bbox 55 1689 252 1739; x_wconf 83' lang='lat' dir='ltr'>superiori</span> <span class='ocrx_word' id='word_1_158' title='bbox 295 1690 498 1739; x_wconf 83' lang='lat' dir='ltr'>respondit</span> <span class='ocrx_word' id='word_1_159' title='bbox 542 1685 597 1742; x_wconf 77' lang='lat' dir='ltr'>(u.</span> <span class='ocrx_word' id='word_1_160' title='bbox 629 1685 690 1742; x_wconf 81' lang='lat'>1):</span> <span class='ocrx_word' id='word_1_161' title='bbox 741 1689 772 1728; x_wconf 92' lang='lat' dir='ltr'>O</span> <span class='ocrx_word' id='word_1_162' title='bbox 806 1690 917 1739; x_wconf 85' lang='lat' dir='ltr'>diua,</span> <span class='ocrx_word' id='word_1_163' title='bbox 962 1694 1122 1740; x_wconf 81' lang='lat' dir='ltr'>gratum</span> <span class='ocrx_word' id='word_1_164' title='bbox 1161 1703 1262 1739; x_wconf 85' lang='lat' dir='ltr'>quae</span> <span class='ocrx_word' id='word_1_165' title='bbox 1300 1691 1406 1741; x_wconf 83' lang='lat' dir='ltr'>regis</span> 
     </span>
     <span class='ocr_line' id='line_1_25' title="bbox 55 1747 977 1801; baseline -0.001 -14"><span class='ocrx_word' id='word_1_166' title='bbox 55 1749 236 1798; x_wconf 83' lang='lat' dir='ltr'>Antium,</span> <span class='ocrx_word' id='word_1_167' title='bbox 268 1762 295 1787; x_wconf 89' lang='lat' dir='ltr'>s.</span> <span class='ocrx_word' id='word_1_168' title='bbox 323 1750 347 1787; x_wconf 90' lang='lat' dir='ltr'>i.</span> <span class='ocrx_word' id='word_1_169' title='bbox 376 1748 416 1787; x_wconf 82' lang='lat' dir='ltr'>G.</span> <span class='ocrx_word' id='word_1_170' title='bbox 441 1749 466 1787; x_wconf 91' lang='lat' dir='ltr'>i.</span> <span class='ocrx_word' id='word_1_171' title='bbox 493 1763 530 1786; x_wconf 91' lang='lat' dir='ltr'>u.</span> <span class='ocrx_word' id='word_1_172' title='bbox 560 1747 714 1801; x_wconf 74' lang='lat' dir='ltr'>(AFcp</span> <span class='ocrx_word' id='word_1_173' title='bbox 734 1751 817 1788; x_wconf 68' lang='lat' dir='ltr'>sim.</span> <span class='ocrx_word' id='word_1_174' title='bbox 839 1750 977 1797; x_wconf 70' lang='lat' dir='ltr'>Porplt.</span> 
     </span>
    </p>

    <p class='ocr_par' dir='ltr' id='par_1_13' title="bbox 55 1803 1477 1919">
     <span class='ocr_line' id='line_1_26' title="bbox 176 1803 1477 1860; baseline 0.001 -14"><span class='ocrx_word' id='word_1_175' title='bbox 176 1803 253 1847; x_wconf 83' lang='lat'>31.</span> <span class='ocrx_word' id='word_1_176' title='bbox 286 1820 451 1846; x_wconf 72' lang='lat' dir='ltr'>EXAMEN</span> <span class='ocrx_word' id='word_1_177' title='bbox 483 1805 715 1859; x_wconf 78' lang='lat' dir='ltr'>TIMENDVM]</span> <span class='ocrx_word' id='word_1_178' title='bbox 748 1805 1060 1860; x_wconf 81' lang='lat' dir='ltr'>[Collecticium]</span> <span class='ocrx_word' id='word_1_179' title='bbox 1093 1809 1275 1847; x_wconf 79' lang='lat' dir='ltr'>omnibus</span> <span class='ocrx_word' id='word_1_180' title='bbox 1303 1808 1407 1847; x_wconf 87' lang='lat' dir='ltr'>enim</span> <span class='ocrx_word' id='word_1_181' title='bbox 1433 1816 1477 1847; x_wconf 80' lang='lat'>25</span> 
     </span>
     <span class='ocr_line' id='line_1_27' title="bbox 55 1867 1406 1919; baseline 0 -13"><span class='ocrx_word' id='word_1_182' title='bbox 55 1868 250 1906; x_wconf 88' lang='lat' dir='ltr'>militibus</span> <span class='ocrx_word' id='word_1_183' title='bbox 284 1881 354 1917; x_wconf 90' lang='lat' dir='ltr'>per</span> <span class='ocrx_word' id='word_1_184' title='bbox 384 1868 490 1906; x_wconf 86' lang='lat' dir='ltr'>bella</span> <span class='ocrx_word' id='word_1_185' title='bbox 521 1869 658 1906; x_wconf 80' lang='lat' dir='ltr'>ciuilia</span> <span class='ocrx_word' id='word_1_186' title='bbox 691 1869 945 1917; x_wconf 80' lang='lat' dir='ltr'>consumptis,</span> <span class='ocrx_word' id='word_1_187' title='bbox 977 1867 1114 1906; x_wconf 86' lang='lat' dir='ltr'>habito</span> <span class='ocrx_word' id='word_1_188' title='bbox 1147 1868 1194 1906; x_wconf 88' lang='lat' dir='ltr'>ab</span> <span class='ocrx_word' id='word_1_189' title='bbox 1221 1867 1406 1919; x_wconf 84' lang='lat' dir='ltr'>Augusto</span> 
     </span>
    </p>
   </div>
   <div class='ocr_carea' id='block_1_12' title="bbox 53 2017 1407 2394">
    <p class='ocr_par' dir='ltr' id='par_1_14' title="bbox 175 2017 1359 2063">
     <span class='ocr_line' id='line_1_28' title="bbox 175 2017 1359 2063; baseline 0.001 -12"><span class='ocrx_word' id='word_1_190' title='bbox 175 2020 195 2051; x_wconf 84' lang='lat'>5</span> <span class='ocrx_word' id='word_1_191' title='bbox 228 2017 403 2052; x_wconf 82' lang='lat' dir='ltr'>comitem</span> <span class='ocrx_word' id='word_1_192' title='bbox 442 2017 491 2063; x_wconf 89' lang='lat' dir='ltr'>V]</span> <span class='ocrx_word' id='word_1_193' title='bbox 523 2018 561 2051; x_wconf 85' lang='lat' dir='ltr'>te</span> <span class='ocrx_word' id='word_1_194' title='bbox 594 2017 767 2051; x_wconf 84' lang='lat' dir='ltr'>comitem</span> <span class='ocrx_word' id='word_1_195' title='bbox 802 2019 919 2060; x_wconf 73' lang='lat' dir='ltr'>Poccp</span> <span class='ocrx_word' id='word_1_196' title='bbox 1063 2020 1084 2051; x_wconf 89' lang='grc'>8</span> <span class='ocrx_word' id='word_1_197' title='bbox 1116 2017 1297 2063; x_wconf 68' lang='lat' dir='ltr'>pauperie</span> <span class='ocrx_word' id='word_1_198' title='bbox 1322 2018 1359 2052; x_wconf 85' lang='grc' dir='ltr'><strong><em>Α</em></strong></span> 
     </span>
    </p>

    <p class='ocr_par' dir='ltr' id='par_1_15' title="bbox 53 2065 1407 2394">
     <span class='ocr_line' id='line_1_29' title="bbox 59 2065 1405 2111; baseline 0 -13"><span class='ocrx_word' id='word_1_199' title='bbox 59 2067 101 2098; x_wconf 90' lang='grc'>10</span> <span class='ocrx_word' id='word_1_200' title='bbox 128 2066 303 2099; x_wconf 80' lang='lat' dir='ltr'>secuntur</span> <span class='ocrx_word' id='word_1_201' title='bbox 328 2065 394 2111; x_wconf 79' lang='grc' dir='ltr'>να]</span> <span class='ocrx_word' id='word_1_202' title='bbox 422 2066 601 2108; x_wconf 88' lang='lat' dir='ltr'>sequntur</span> <span class='ocrx_word' id='word_1_203' title='bbox 634 2066 669 2099; x_wconf 93' lang='lat' dir='ltr'><strong><em>V</em></strong></span> <span class='ocrx_word' id='word_1_204' title='bbox 689 2066 894 2108; x_wconf 81' lang='lat' dir='ltr'>sequuntur</span> <span class='ocrx_word' id='word_1_205' title='bbox 920 2065 1042 2108; x_wconf 75' lang='lat' dir='ltr'>Aycp</span> <span class='ocrx_word' id='word_1_206' title='bbox 1153 2068 1195 2098; x_wconf 87' lang='lat'>13</span> <span class='ocrx_word' id='word_1_207' title='bbox 1223 2065 1288 2099; x_wconf 89' lang='lat' dir='ltr'>sed</span> <span class='ocrx_word' id='word_1_208' title='bbox 1314 2065 1405 2109; x_wconf 79' lang='lat' dir='ltr'>quid</span> 
     </span>
     <span class='ocr_line' id='line_1_30' title="bbox 53 2112 1407 2156; baseline 0 -10"><span class='ocrx_word' id='word_1_209' title='bbox 53 2112 245 2146; x_wconf 79' lang='lat' dir='ltr'>turbarem</span> <span class='ocrx_word' id='word_1_210' title='bbox 271 2112 335 2147; x_wconf 83' lang='lat' dir='ltr'>sed</span> <span class='ocrx_word' id='word_1_211' title='bbox 362 2112 453 2156; x_wconf 83' lang='lat' dir='ltr'>quid</span> <span class='ocrx_word' id='word_1_212' title='bbox 478 2112 669 2146; x_wconf 81' lang='lat' dir='ltr'>turbarem</span> <span class='ocrx_word' id='word_1_213' title='bbox 695 2113 731 2146; x_wconf 77' lang='grc' dir='ltr'><strong><em>Α</em></strong></span> <span class='ocrx_word' id='word_1_214' title='bbox 828 2113 884 2146; x_wconf 85' lang='lat' dir='ltr'>set</span> <span class='ocrx_word' id='word_1_215' title='bbox 904 2125 924 2155; x_wconf 84' lang='lat' dir='ltr'><em>y</em></span> <span class='ocrx_word' id='word_1_216' title='bbox 944 2122 1043 2146; x_wconf 77' lang='lat' dir='ltr'>om.oe</span> <span class='ocrx_word' id='word_1_217' title='bbox 1155 2116 1197 2146; x_wconf 82' lang='lat'>14</span> <span class='ocrx_word' id='word_1_218' title='bbox 1217 2113 1407 2147; x_wconf 84' lang='lat' dir='ltr'>turbarem</span> 
     </span>
     <span class='ocr_line' id='line_1_31' title="bbox 55 2159 1407 2204; baseline 0.001 -11"><span class='ocrx_word' id='word_1_219' title='bbox 55 2159 219 2202; x_wconf 66' lang='lat' dir='ltr'>(turbate</span> <span class='ocrx_word' id='word_1_220' title='bbox 240 2161 281 2204; x_wconf 71' lang='lat' dir='ltr'>p)</span> <span class='ocrx_word' id='word_1_221' title='bbox 307 2160 408 2196; x_wconf 78' lang='lat' dir='ltr'>codd.</span> <span class='ocrx_word' id='word_1_222' title='bbox 551 2163 592 2193; x_wconf 85' lang='lat'>15</span> <span class='ocrx_word' id='word_1_223' title='bbox 621 2159 668 2193; x_wconf 73' lang='lat' dir='ltr'>da</span> <span class='ocrx_word' id='word_1_224' title='bbox 694 2160 801 2194; x_wconf 81' lang='lat' dir='ltr'>natos</span> <span class='ocrx_word' id='word_1_225' title='bbox 827 2160 863 2193; x_wconf 87' lang='lat' dir='ltr'><strong><em>A</em></strong></span> <span class='ocrx_word' id='word_1_226' title='bbox 890 2159 1085 2194; x_wconf 81' lang='lat' dir='ltr'>damnatos</span> <span class='ocrx_word' id='word_1_227' title='bbox 1112 2162 1200 2204; x_wconf 73' lang='lat' dir='ltr'>Fep</span> <span class='ocrx_word' id='word_1_228' title='bbox 1226 2160 1407 2204; x_wconf 87' lang='lat' dir='ltr'>dampna-</span> 
     </span>
     <span class='ocr_line' id='line_1_32' title="bbox 55 2205 1406 2253; baseline 0.001 -13"><span class='ocrx_word' id='word_1_229' title='bbox 55 2207 113 2240; x_wconf 78' lang='lat' dir='ltr'>tos</span> <span class='ocrx_word' id='word_1_230' title='bbox 139 2208 208 2241; x_wconf 79' lang='lat' dir='ltr'>ocV</span> <span class='ocrx_word' id='word_1_231' title='bbox 331 2211 372 2241; x_wconf 83' lang='lat'>17</span> <span class='ocrx_word' id='word_1_232' title='bbox 399 2207 545 2252; x_wconf 83' lang='lat' dir='ltr'>lagonis</span> <span class='ocrx_word' id='word_1_233' title='bbox 571 2208 622 2253; x_wconf 85' lang='lat' dir='ltr'>A]</span> <span class='ocrx_word' id='word_1_234' title='bbox 649 2206 816 2251; x_wconf 79' lang='lat' dir='ltr'>lagoenis</span> <span class='ocrx_word' id='word_1_235' title='bbox 843 2220 863 2251; x_wconf 78' lang='grc' dir='ltr'><em>γ</em></span> <span class='ocrx_word' id='word_1_236' title='bbox 889 2205 1060 2251; x_wconf 84' lang='lat' dir='ltr'>laguenis</span> <span class='ocrx_word' id='word_1_237' title='bbox 1086 2219 1105 2242; x_wconf 83' lang='lat' dir='ltr'>r</span> <span class='ocrx_word' id='word_1_238' title='bbox 1228 2211 1271 2242; x_wconf 88' lang='grc'><strong>22</strong></span> <span class='ocrx_word' id='word_1_239' title='bbox 1297 2218 1406 2252; x_wconf 80' lang='lat' dir='ltr'>yper-</span> 
     </span>
     <span class='ocr_line' id='line_1_33' title="bbox 56 2253 1405 2300; baseline 0.001 -13"><span class='ocrx_word' id='word_1_240' title='bbox 56 2253 173 2288; x_wconf 85' lang='lat' dir='ltr'>baton</span> <span class='ocrx_word' id='word_1_241' title='bbox 197 2255 298 2290; x_wconf 72' lang='lat' dir='ltr'>Asc</span> <span class='ocrx_word' id='word_1_242' title='bbox 323 2254 548 2299; x_wconf 84' lang='lat' dir='ltr'>hiperbaton</span> <span class='ocrx_word' id='word_1_243' title='bbox 568 2266 597 2299; x_wconf 67' lang='grc' dir='ltr'><em>Ρ</em></span> <span class='ocrx_word' id='word_1_244' title='bbox 713 2258 756 2289; x_wconf 83' lang='grc'><strong>23</strong></span> <span class='ocrx_word' id='word_1_245' title='bbox 783 2264 879 2298; x_wconf 83' lang='lat' dir='ltr'>quae</span> <span class='ocrx_word' id='word_1_246' title='bbox 904 2255 1027 2300; x_wconf 76' lang='lat' dir='ltr'>erp]</span> <span class='ocrx_word' id='word_1_247' title='bbox 1055 2254 1120 2299; x_wconf 89' lang='lat' dir='ltr'>qui</span> <span class='ocrx_word' id='word_1_248' title='bbox 1145 2255 1209 2299; x_wconf 66' lang='lat' dir='ltr'>Ay</span> <span class='ocrx_word' id='word_1_249' title='bbox 1306 2254 1405 2299; x_wconf 83' lang='lat' dir='ltr'>regis</span> 
     </span>
     <span class='ocr_line' id='line_1_34' title="bbox 58 2301 1406 2348; baseline 0.001 -14"><span class='ocrx_word' id='word_1_250' title='bbox 58 2321 101 2326; x_wconf 82' lang='lat'>-—</span> <span class='ocrx_word' id='word_1_251' title='bbox 121 2301 173 2347; x_wconf 91' lang='lat' dir='ltr'>u.]</span> <span class='ocrx_word' id='word_1_252' title='bbox 199 2313 226 2336; x_wconf 87' lang='lat' dir='ltr'>r.</span> <span class='ocrx_word' id='word_1_253' title='bbox 249 2312 281 2336; x_wconf 86' lang='lat' dir='ltr'>a.</span> <span class='ocrx_word' id='word_1_254' title='bbox 299 2303 347 2338; x_wconf 88' lang='lat' dir='ltr'>Vc</span> <span class='ocrx_word' id='word_1_255' title='bbox 372 2302 470 2347; x_wconf 84' lang='lat' dir='ltr'>regis</span> <span class='ocrx_word' id='word_1_256' title='bbox 499 2302 642 2337; x_wconf 81' lang='lat' dir='ltr'>antium</span> <span class='ocrx_word' id='word_1_257' title='bbox 662 2313 691 2346; x_wconf 75' lang='lat' dir='ltr'>p</span> <span class='ocrx_word' id='word_1_258' title='bbox 802 2305 845 2335; x_wconf 67' lang='lat'>‘24</span> <span class='ocrx_word' id='word_1_259' title='bbox 872 2301 1032 2348; x_wconf 80' lang='lat' dir='ltr'>antium]</span> <span class='ocrx_word' id='word_1_260' title='bbox 1060 2313 1090 2336; x_wconf 88' lang='lat' dir='ltr'>a.</span> <span class='ocrx_word' id='word_1_261' title='bbox 1113 2303 1148 2337; x_wconf 89' lang='lat' dir='ltr'><strong><em>A</em></strong></span> <span class='ocrx_word' id='word_1_262' title='bbox 1260 2306 1303 2336; x_wconf 81' lang='grc'><strong>25</strong></span> <span class='ocrx_word' id='word_1_263' title='bbox 1332 2301 1406 2336; x_wconf 86' lang='lat' dir='ltr'>col-</span> 
     </span>
     <span class='ocr_line' id='line_1_35' title="bbox 56 2346 669 2394; baseline 0.005 -13"><span class='ocrx_word' id='word_1_264' title='bbox 56 2346 248 2383; x_wconf 80' lang='lat' dir='ltr'>lecticium</span> <span class='ocrx_word' id='word_1_265' title='bbox 274 2351 328 2385; x_wconf 84' lang='lat' dir='ltr'>Vc</span> <span class='ocrx_word' id='word_1_266' title='bbox 347 2361 441 2384; x_wconf 78' lang='lat' dir='ltr'>cons.</span> <span class='ocrx_word' id='word_1_267' title='bbox 458 2361 487 2394; x_wconf 75' lang='lat' dir='ltr'>p</span> <span class='ocrx_word' id='word_1_268' title='bbox 507 2361 572 2385; x_wconf 84' lang='lat' dir='ltr'>om.</span> <span class='ocrx_word' id='word_1_269' title='bbox 594 2353 669 2384; x_wconf 64' lang='lat' dir='ltr'>cett.</span> 
     </span>
    </p>
   </div>
  </div>
 </body>
</html>
