<?xml version="1.0" encoding="UTF-8"?>
<!DOCTYPE html PUBLIC "-//W3C//DTD XHTML 1.0 Transitional//EN"
    "http://www.w3.org/TR/xhtml1/DTD/xhtml1-transitional.dtd">
<html xmlns="http://www.w3.org/1999/xhtml" xml:lang="en" lang="en">
 <head>
  <title>
</title>
<meta http-equiv="Content-Type" content="text/html;charset=utf-8" />
  <meta name='ocr-system' content='tesseract 3.04.00' />
  <meta name='ocr-capabilities' content='ocr_page ocr_carea ocr_par ocr_line ocrx_word'/>
</head>
<body>
  <div class='ocr_page' id='page_1' title='image "./pseudacronisscho01kelluoft_0134.png"; bbox 0 0 1664 2563; ppageno 0'>
   <div class='ocr_carea' id='block_1_1' title="bbox 133 701 175 731">
    <p class='ocr_par' dir='ltr' id='par_1_1' title="bbox 133 701 175 731">
     <span class='ocr_line' id='line_1_1' title="bbox 133 701 175 731; baseline 0 0"><span class='ocrx_word' id='word_1_1' title='bbox 133 701 175 731; x_wconf 88' lang='grc'>10</span> 
     </span>
    </p>
   </div>
   <div class='ocr_carea' id='block_1_2' title="bbox 133 1057 174 1087">
    <p class='ocr_par' dir='ltr' id='par_1_2' title="bbox 133 1057 174 1087">
     <span class='ocr_line' id='line_1_2' title="bbox 133 1057 174 1087; baseline 0.024 -1"><span class='ocrx_word' id='word_1_2' title='bbox 133 1057 174 1087; x_wconf 80' lang='grc'>15</span> 
     </span>
    </p>
   </div>
   <div class='ocr_carea' id='block_1_3' title="bbox 131 1435 175 1465">
    <p class='ocr_par' dir='ltr' id='par_1_3' title="bbox 131 1435 175 1465">
     <span class='ocr_line' id='line_1_3' title="bbox 131 1435 175 1465; baseline 0 0"><span class='ocrx_word' id='word_1_3' title='bbox 131 1435 175 1465; x_wconf 76' lang='lat'>20</span> 
     </span>
    </p>
   </div>
   <div class='ocr_carea' id='block_1_4' title="bbox 203 47 1106 88">
    <p class='ocr_par' dir='ltr' id='par_1_4' title="bbox 203 47 1106 88">
     <span class='ocr_line' id='line_1_4' title="bbox 203 47 1106 88; baseline -0.008 0"><span class='ocrx_word' id='word_1_4' title='bbox 203 48 287 88; x_wconf 79' lang='grc'>114</span> <span class='ocrx_word' id='word_1_5' title='bbox 643 47 892 82; x_wconf 83' lang='lat' dir='ltr'>EXPOSITIO</span> <span class='ocrx_word' id='word_1_6' title='bbox 918 47 970 81; x_wconf 87' lang='lat' dir='ltr'>IN</span> <span class='ocrx_word' id='word_1_7' title='bbox 995 47 1106 82; x_wconf 76' lang='grc' dir='ltr'>ΗΘΒ.</span> 
     </span>
    </p>
   </div>
   <div class='ocr_carea' id='block_1_5' title="bbox 200 159 1548 743">
    <p class='ocr_par' dir='ltr' id='par_1_5' title="bbox 200 159 1547 566">
     <span class='ocr_line' id='line_1_5' title="bbox 200 159 1545 210; baseline 0 -13"><span class='ocrx_word' id='word_1_8' title='bbox 200 160 393 209; x_wconf 88' lang='lat' dir='ltr'>templum</span> <span class='ocrx_word' id='word_1_9' title='bbox 419 161 459 197; x_wconf 90' lang='lat' dir='ltr'>in</span> <span class='ocrx_word' id='word_1_10' title='bbox 486 160 641 198; x_wconf 86' lang='lat' dir='ltr'>Palatio</span> <span class='ocrx_word' id='word_1_11' title='bbox 669 160 867 197; x_wconf 88' lang='lat' dir='ltr'>dedicauit</span> <span class='ocrx_word' id='word_1_12' title='bbox 891 159 1105 210; x_wconf 82' lang='lat' dir='ltr'>Augustus,</span> <span class='ocrx_word' id='word_1_13' title='bbox 1137 159 1204 197; x_wconf 88' lang='lat' dir='ltr'>sed</span> <span class='ocrx_word' id='word_1_14' title='bbox 1228 160 1292 197; x_wconf 91' lang='lat' dir='ltr'>hic</span> <span class='ocrx_word' id='word_1_15' title='bbox 1317 159 1545 209; x_wconf 83' lang='lat' dir='ltr'><strong>Apollinem</strong></span> 
     </span>
     <span class='ocr_line' id='line_1_6' title="bbox 200 218 1547 269; baseline 0.001 -14"><span class='ocrx_word' id='word_1_16' title='bbox 200 231 272 268; x_wconf 84' lang='lat' dir='ltr'>pro</span> <span class='ocrx_word' id='word_1_17' title='bbox 309 219 458 268; x_wconf 86' lang='lat' dir='ltr'>templo</span> <span class='ocrx_word' id='word_1_18' title='bbox 489 219 686 268; x_wconf 77' lang='lat' dir='ltr'>Apollinis</span> <span class='ocrx_word' id='word_1_19' title='bbox 723 219 873 269; x_wconf 88' lang='lat' dir='ltr'>posuit,</span> <span class='ocrx_word' id='word_1_20' title='bbox 912 221 952 256; x_wconf 90' lang='lat' dir='ltr'>et</span> <span class='ocrx_word' id='word_1_21' title='bbox 986 218 1181 269; x_wconf 81' lang='lat' dir='ltr'>signifieat</span> <span class='ocrx_word' id='word_1_22' title='bbox 1210 219 1445 257; x_wconf 73' lang='lat' dir='ltr'>modestiam</span> <span class='ocrx_word' id='word_1_23' title='bbox 1476 232 1547 257; x_wconf 91' lang='lat' dir='ltr'>uo-</span> 
     </span>
     <span class='ocr_line' id='line_1_7' title="bbox 201 273 1547 328; baseline 0 -12"><span class='ocrx_word' id='word_1_24' title='bbox 201 282 332 316; x_wconf 87' lang='lat' dir='ltr'>torum</span> <span class='ocrx_word' id='word_1_25' title='bbox 364 291 539 327; x_wconf 86' lang='lat' dir='ltr'>suorum,</span> <span class='ocrx_word' id='word_1_26' title='bbox 574 291 721 328; x_wconf 82' lang='lat' dir='ltr'>negans</span> <span class='ocrx_word' id='word_1_27' title='bbox 754 278 801 315; x_wconf 92' lang='lat' dir='ltr'>ab</span> <span class='ocrx_word' id='word_1_28' title='bbox 834 273 1041 328; x_wconf 78' lang='lat' dir='ltr'>Apolline,</span> <span class='ocrx_word' id='word_1_29' title='bbox 1073 290 1172 327; x_wconf 86' lang='lat' dir='ltr'>quae</span> <span class='ocrx_word' id='word_1_30' title='bbox 1205 278 1255 315; x_wconf 88' lang='lat' dir='ltr'>ad</span> <span class='ocrx_word' id='word_1_31' title='bbox 1287 278 1547 328; x_wconf 71' lang='lat' dir='ltr'>cupiditatem</span> 
     </span>
     <span class='ocr_line' id='line_1_8' title="bbox 203 337 1544 387; baseline 0 -12"><span class='ocrx_word' id='word_1_32' title='bbox 203 340 273 375; x_wconf 88' lang='lat' dir='ltr'>aut</span> <span class='ocrx_word' id='word_1_33' title='bbox 298 339 508 375; x_wconf 85' lang='lat' dir='ltr'>auaritiam</span> <span class='ocrx_word' id='word_1_34' title='bbox 536 340 723 387; x_wconf 87' lang='lat' dir='ltr'>spectent,</span> <span class='ocrx_word' id='word_1_35' title='bbox 755 339 900 387; x_wconf 89' lang='lat' dir='ltr'>petere,</span> <span class='ocrx_word' id='word_1_36' title='bbox 932 337 1000 375; x_wconf 90' lang='lat' dir='ltr'>sed</span> <span class='ocrx_word' id='word_1_37' title='bbox 1024 338 1168 375; x_wconf 81' lang='lat' dir='ltr'>bonam</span> <span class='ocrx_word' id='word_1_38' title='bbox 1193 339 1365 375; x_wconf 89' lang='lat' dir='ltr'>mentem</span> <span class='ocrx_word' id='word_1_39' title='bbox 1383 338 1544 375; x_wconf 87' lang='lat' dir='ltr'>bonam-</span> 
     </span>
     <span class='ocr_line' id='line_1_9' title="bbox 203 396 1546 446; baseline -0.001 -12"><span class='ocrx_word' id='word_1_40' title='bbox 203 409 277 446; x_wconf 85' lang='lat' dir='ltr'>que</span> <span class='ocrx_word' id='word_1_41' title='bbox 328 398 500 446; x_wconf 86' lang='lat' dir='ltr'>corporis</span> <span class='ocrx_word' id='word_1_42' title='bbox 551 410 673 445; x_wconf 86' lang='lat' dir='ltr'>usque</span> <span class='ocrx_word' id='word_1_43' title='bbox 718 397 767 434; x_wconf 88' lang='lat' dir='ltr'>ad</span> <span class='ocrx_word' id='word_1_44' title='bbox 799 399 1038 434; x_wconf 82' lang='lat' dir='ltr'>senectutem</span> <span class='ocrx_word' id='word_1_45' title='bbox 1082 396 1350 434; x_wconf 88' lang='lat' dir='ltr'>ualetudinem</span> <span class='ocrx_word' id='word_1_46' title='bbox 1392 398 1546 446; x_wconf 84' lang='lat' dir='ltr'>precari</span> 
     </span>
     <span class='ocr_line' id='line_1_10' title="bbox 203 455 1546 505; baseline 0 -12"><span class='ocrx_word' id='word_1_47' title='bbox 203 470 290 494; x_wconf 86' lang='lat' dir='ltr'>cum</span> <span class='ocrx_word' id='word_1_48' title='bbox 334 456 456 505; x_wconf 83' lang='lat' dir='ltr'>lyrico</span> <span class='ocrx_word' id='word_1_49' title='bbox 502 456 642 494; x_wconf 87' lang='lat' dir='ltr'>studio.</span> <span class='ocrx_word' id='word_1_50' title='bbox 704 455 874 493; x_wconf 84' lang='lat' dir='ltr'>Putatur</span> <span class='ocrx_word' id='word_1_51' title='bbox 911 459 1043 494; x_wconf 89' lang='lat' dir='ltr'>tamen</span> <span class='ocrx_word' id='word_1_52' title='bbox 1081 456 1188 494; x_wconf 88' lang='lat' dir='ltr'>domi</span> <span class='ocrx_word' id='word_1_53' title='bbox 1225 468 1316 494; x_wconf 85' lang='lat' dir='ltr'>suae</span> <span class='ocrx_word' id='word_1_54' title='bbox 1354 455 1546 494; x_wconf 79' lang='lat' dir='ltr'>Horatius</span> 
     </span>
     <span class='ocr_line' id='line_1_11' title="bbox 201 509 1378 566; baseline 0.001 -14"><span class='ocrx_word' id='word_1_55' title='bbox 201 516 428 564; x_wconf 85' lang='lat' dir='ltr'>Apollinem</span> <span class='ocrx_word' id='word_1_56' title='bbox 461 515 671 563; x_wconf 82' lang='lat' dir='ltr'>dedicasse,</span> <span class='ocrx_word' id='word_1_57' title='bbox 704 515 754 552; x_wconf 90' lang='lat' dir='ltr'>ad</span> <span class='ocrx_word' id='word_1_58' title='bbox 785 528 901 564; x_wconf 86' lang='lat' dir='ltr'>quem</span> <span class='ocrx_word' id='word_1_59' title='bbox 932 516 1004 553; x_wconf 89' lang='lat' dir='ltr'>hoc</span> <span class='ocrx_word' id='word_1_60' title='bbox 1037 515 1173 553; x_wconf 86' lang='lat' dir='ltr'>scribit</span> <span class='ocrx_word' id='word_1_61' title='bbox 1204 509 1378 566; x_wconf 74' lang='lat' dir='ltr'>(APaV</span> 
     </span>
    </p>

    <p class='ocr_par' dir='ltr' id='par_1_6' title="bbox 201 570 1548 743">
     <span class='ocr_line' id='line_1_12' title="bbox 323 570 1548 625; baseline 0 -14"><span class='ocrx_word' id='word_1_62' title='bbox 323 570 366 613; x_wconf 75' lang='grc'>2.</span> <span class='ocrx_word' id='word_1_63' title='bbox 401 570 444 613; x_wconf 82' lang='grc'>3.</span> <span class='ocrx_word' id='word_1_64' title='bbox 496 587 549 611; x_wconf 84' lang='lat' dir='ltr'>DE</span> <span class='ocrx_word' id='word_1_65' title='bbox 587 586 747 611; x_wconf 78' lang='lat' dir='ltr'><strong><em>PATERA</em></strong></span> <span class='ocrx_word' id='word_1_66' title='bbox 784 586 922 612; x_wconf 84' lang='lat' dir='ltr'>NOVVM</span> <span class='ocrx_word' id='word_1_67' title='bbox 960 585 1144 612; x_wconf 79' lang='lat' dir='ltr'>FVNDENS</span> <span class='ocrx_word' id='word_1_68' title='bbox 1180 570 1408 625; x_wconf 79' lang='lat' dir='ltr'>LIQVOREM]</span> <span class='ocrx_word' id='word_1_69' title='bbox 1462 574 1548 611; x_wconf 86' lang='lat' dir='ltr'>Aut</span> 
     </span>
     <span class='ocr_line' id='line_1_13' title="bbox 201 633 1546 683; baseline 0 -13"><span class='ocrx_word' id='word_1_70' title='bbox 201 646 278 671; x_wconf 91' lang='lat' dir='ltr'>non</span> <span class='ocrx_word' id='word_1_71' title='bbox 328 636 458 682; x_wconf 89' lang='lat' dir='ltr'>uetus,</span> <span class='ocrx_word' id='word_1_72' title='bbox 508 636 553 671; x_wconf 92' lang='lat' dir='ltr'>ut</span> <span class='ocrx_word' id='word_1_73' title='bbox 602 633 693 671; x_wconf 88' lang='lat' dir='ltr'>deos</span> <span class='ocrx_word' id='word_1_74' title='bbox 743 646 820 672; x_wconf 90' lang='lat' dir='ltr'>non</span> <span class='ocrx_word' id='word_1_75' title='bbox 871 634 1074 683; x_wconf 46' lang='lat' dir='ltr'>exquisitis</span> <span class='ocrx_word' id='word_1_76' title='bbox 1124 633 1348 671; x_wconf 89' lang='lat' dir='ltr'>muneribus</span> <span class='ocrx_word' id='word_1_77' title='bbox 1395 633 1546 683; x_wconf 85' lang='lat' dir='ltr'>placari</span> 
     </span>
     <span class='ocr_line' id='line_1_14' title="bbox 201 692 1544 743; baseline -0.001 -13"><span class='ocrx_word' id='word_1_78' title='bbox 201 694 457 741; x_wconf 84' lang='lat' dir='ltr'>monstraret,</span> <span class='ocrx_word' id='word_1_79' title='bbox 495 695 564 730; x_wconf 87' lang='lat' dir='ltr'>aut</span> <span class='ocrx_word' id='word_1_80' title='bbox 601 696 704 730; x_wconf 80' lang='lat' dir='ltr'>certe</span> <span class='ocrx_word' id='word_1_81' title='bbox 741 706 811 743; x_wconf 89' lang='lat' dir='ltr'>per</span> <span class='ocrx_word' id='word_1_82' title='bbox 848 693 952 742; x_wconf 88' lang='lat' dir='ltr'>quod</span> <span class='ocrx_word' id='word_1_83' title='bbox 989 705 1093 731; x_wconf 90' lang='lat' dir='ltr'>noua</span> <span class='ocrx_word' id='word_1_84' title='bbox 1130 692 1425 730; x_wconf 76' lang='lat' dir='ltr'>instaurabatur</span> <span class='ocrx_word' id='word_1_85' title='bbox 1458 705 1544 742; x_wconf 90' lang='lat' dir='ltr'>pre-</span> 
     </span>
    </p>
   </div>
   <div class='ocr_carea' id='block_1_6' title="bbox 201 751 1547 864">
    <p class='ocr_par' dir='ltr' id='par_1_7' title="bbox 201 751 1547 864">
     <span class='ocr_line' id='line_1_15' title="bbox 201 751 1547 801; baseline -0.001 -11"><span class='ocrx_word' id='word_1_86' title='bbox 201 753 323 801; x_wconf 67' lang='lat' dir='ltr'>catio,</span> <span class='ocrx_word' id='word_1_87' title='bbox 372 765 464 789; x_wconf 83' lang='lat' dir='ltr'>nain</span> <span class='ocrx_word' id='word_1_88' title='bbox 515 755 554 790; x_wconf 87' lang='lat' dir='ltr'>et</span> <span class='ocrx_word' id='word_1_89' title='bbox 602 753 731 801; x_wconf 86' lang='lat' dir='ltr'>ipsum</span> <span class='ocrx_word' id='word_1_90' title='bbox 780 764 929 790; x_wconf 88' lang='lat' dir='ltr'>morem</span> <span class='ocrx_word' id='word_1_91' title='bbox 973 751 1218 790; x_wconf 87' lang='lat' dir='ltr'>sacrificandi</span> <span class='ocrx_word' id='word_1_92' title='bbox 1263 751 1452 800; x_wconf 87' lang='lat' dir='ltr'>ostendit,</span> <span class='ocrx_word' id='word_1_93' title='bbox 1500 754 1547 789; x_wconf 89' lang='lat' dir='ltr'>ut</span> 
     </span>
     <span class='ocr_line' id='line_1_16' title="bbox 203 807 691 864; baseline -0.002 -14"><span class='ocrx_word' id='word_1_94' title='bbox 203 807 337 863; x_wconf 58' lang='lat' dir='ltr'>(Ver-9.</span> <span class='ocrx_word' id='word_1_95' title='bbox 364 811 461 849; x_wconf 71' lang='lat' dir='ltr'>Aen.</span> <span class='ocrx_word' id='word_1_96' title='bbox 489 811 570 849; x_wconf 87' lang='lat' dir='ltr'>IIII</span> <span class='ocrx_word' id='word_1_97' title='bbox 599 807 691 864; x_wconf 82' lang='lat'>60):</span> 
     </span>
    </p>
   </div>
   <div class='ocr_carea' id='block_1_7' title="bbox 414 889 1261 946">
    <p class='ocr_par' dir='ltr' id='par_1_8' title="bbox 414 889 1261 946">
     <span class='ocr_line' id='line_1_17' title="bbox 414 889 1261 946; baseline 0.002 -16"><span class='ocrx_word' id='word_1_98' title='bbox 414 894 506 943; x_wconf 88' lang='lat' dir='ltr'>Ipsa</span> <span class='ocrx_word' id='word_1_99' title='bbox 537 897 673 932; x_wconf 84' lang='lat' dir='ltr'>tenens</span> <span class='ocrx_word' id='word_1_100' title='bbox 706 894 842 931; x_wconf 71' lang='lat' dir='ltr'>dextra</span> <span class='ocrx_word' id='word_1_101' title='bbox 874 897 1052 943; x_wconf 89' lang='lat' dir='ltr'>pateram</span> <span class='ocrx_word' id='word_1_102' title='bbox 1086 889 1261 946; x_wconf 75' lang='lat' dir='ltr'>(AFaV</span> 
     </span>
    </p>
   </div>
   <div class='ocr_carea' id='block_1_8' title="bbox 203 983 1548 1159">
    <p class='ocr_par' dir='ltr' id='par_1_9' title="bbox 203 983 1548 1159">
     <span class='ocr_line' id='line_1_18' title="bbox 322 983 1547 1041; baseline 0.001 -16"><span class='ocrx_word' id='word_1_103' title='bbox 322 983 365 1027; x_wconf 83' lang='lat'>3.</span> <span class='ocrx_word' id='word_1_104' title='bbox 400 984 626 1039; x_wconf 75' lang='lat' dir='ltr'>0P1M&lt;A&gt;E]</span> <span class='ocrx_word' id='word_1_105' title='bbox 668 988 829 1038; x_wconf 84' lang='lat' dir='ltr'>Pinguis</span> <span class='ocrx_word' id='word_1_106' title='bbox 862 992 901 1026; x_wconf 91' lang='lat' dir='ltr'>et</span> <span class='ocrx_word' id='word_1_107' title='bbox 932 988 1074 1027; x_wconf 83' lang='lat' dir='ltr'>feitilis</span> <span class='ocrx_word' id='word_1_108' title='bbox 1107 990 1147 1026; x_wconf 91' lang='lat' dir='ltr'>in</span> <span class='ocrx_word' id='word_1_109' title='bbox 1178 988 1385 1026; x_wconf 81' lang='lat' dir='ltr'>frumentis</span> <span class='ocrx_word' id='word_1_110' title='bbox 1417 983 1547 1041; x_wconf 77' lang='lat' dir='ltr'>(ArV</span> 
     </span>
     <span class='ocr_line' id='line_1_19' title="bbox 322 1043 1548 1098; baseline -0.001 -13"><span class='ocrx_word' id='word_1_111' title='bbox 322 1043 365 1086; x_wconf 83' lang='lat'>5.</span> <span class='ocrx_word' id='word_1_112' title='bbox 415 1059 495 1085; x_wconf 73' lang='lat' dir='ltr'>NON</span> <span class='ocrx_word' id='word_1_113' title='bbox 535 1044 826 1098; x_wconf 74' lang='lat' dir='ltr'>&lt;A&gt;nsTVOSAE</span> <span class='ocrx_word' id='word_1_114' title='bbox 860 1060 995 1085; x_wconf 82' lang='lat' dir='ltr'><strong><em>GRATA</em></strong></span> <span class='ocrx_word' id='word_1_115' title='bbox 1029 1044 1083 1098; x_wconf 84' lang='lat' dir='ltr'>c.]</span> <span class='ocrx_word' id='word_1_116' title='bbox 1144 1048 1339 1085; x_wconf 88' lang='lat' dir='ltr'>Aestuosa</span> <span class='ocrx_word' id='word_1_117' title='bbox 1369 1048 1474 1085; x_wconf 89' lang='lat' dir='ltr'>enim</span> <span class='ocrx_word' id='word_1_118' title='bbox 1505 1050 1548 1084; x_wconf 86' lang='lat' dir='ltr'>et</span> 
     </span>
     <span class='ocr_line' id='line_1_20' title="bbox 203 1101 1396 1159; baseline 0 -15"><span class='ocrx_word' id='word_1_119' title='bbox 203 1108 334 1156; x_wconf 87' lang='lat' dir='ltr'>aptior</span> <span class='ocrx_word' id='word_1_120' title='bbox 364 1108 497 1156; x_wconf 87' lang='lat' dir='ltr'>pecori</span> <span class='ocrx_word' id='word_1_121' title='bbox 528 1108 637 1157; x_wconf 85' lang='lat' dir='ltr'>regio</span> <span class='ocrx_word' id='word_1_122' title='bbox 670 1109 740 1155; x_wconf 85' lang='lat' dir='ltr'>est,</span> <span class='ocrx_word' id='word_1_123' title='bbox 771 1109 816 1144; x_wconf 90' lang='lat' dir='ltr'>ut</span> <span class='ocrx_word' id='word_1_124' title='bbox 848 1109 907 1145; x_wconf 87' lang='lat' dir='ltr'>est</span> <span class='ocrx_word' id='word_1_125' title='bbox 938 1102 1109 1159; x_wconf 65' lang='lat' dir='ltr'>(Lucem</span> <span class='ocrx_word' id='word_1_126' title='bbox 1129 1107 1248 1144; x_wconf 86' lang='lat' dir='ltr'>VIIII</span> <span class='ocrx_word' id='word_1_127' title='bbox 1276 1101 1396 1159; x_wconf 83' lang='lat'>185):</span> 
     </span>
    </p>
   </div>
   <div class='ocr_carea' id='block_1_9' title="bbox 413 1185 1349 1243">
    <p class='ocr_par' dir='ltr' id='par_1_10' title="bbox 413 1185 1349 1243">
     <span class='ocr_line' id='line_1_21' title="bbox 413 1185 1349 1243; baseline 0 -16"><span class='ocrx_word' id='word_1_128' title='bbox 413 1190 465 1227; x_wconf 86' lang='lat' dir='ltr'>Et</span> <span class='ocrx_word' id='word_1_129' title='bbox 497 1190 615 1228; x_wconf 87' lang='lat' dir='ltr'>calidi</span> <span class='ocrx_word' id='word_1_130' title='bbox 647 1191 778 1228; x_wconf 90' lang='lat' dir='ltr'>lucent</span> <span class='ocrx_word' id='word_1_131' title='bbox 808 1190 949 1228; x_wconf 86' lang='lat' dir='ltr'>buceta</span> <span class='ocrx_word' id='word_1_132' title='bbox 980 1190 1122 1228; x_wconf 82' lang='lat' dir='ltr'>Matini</span> <span class='ocrx_word' id='word_1_133' title='bbox 1155 1185 1349 1243; x_wconf 71' lang='lat' dir='ltr'>(AFch</span> 
     </span>
    </p>
   </div>
   <div class='ocr_carea' id='block_1_10' title="bbox 201 1280 1546 1396">
    <p class='ocr_par' dir='ltr' id='par_1_11' title="bbox 201 1280 1546 1396">
     <span class='ocr_line' id='line_1_22' title="bbox 320 1280 1546 1336; baseline 0 -14"><span class='ocrx_word' id='word_1_134' title='bbox 320 1280 364 1323; x_wconf 85' lang='grc'>6.</span> <span class='ocrx_word' id='word_1_135' title='bbox 400 1297 479 1322; x_wconf 88' lang='lat' dir='ltr'>AVT</span> <span class='ocrx_word' id='word_1_136' title='bbox 512 1297 616 1322; x_wconf 78' lang='lat' dir='ltr'>EBVR</span> <span class='ocrx_word' id='word_1_137' title='bbox 648 1281 837 1336; x_wconf 74' lang='lat' dir='ltr'>INDICVM]</span> <span class='ocrx_word' id='word_1_138' title='bbox 888 1285 995 1323; x_wconf 87' lang='lat' dir='ltr'>Indis</span> <span class='ocrx_word' id='word_1_139' title='bbox 1028 1286 1131 1322; x_wconf 88' lang='lat' dir='ltr'>enim</span> <span class='ocrx_word' id='word_1_140' title='bbox 1164 1284 1259 1322; x_wconf 86' lang='lat' dir='ltr'>ebur</span> <span class='ocrx_word' id='word_1_141' title='bbox 1290 1283 1442 1322; x_wconf 88' lang='lat' dir='ltr'>abunde</span> <span class='ocrx_word' id='word_1_142' title='bbox 1475 1286 1546 1332; x_wconf 86' lang='lat' dir='ltr'>est,</span> 
     </span>
     <span class='ocr_line' id='line_1_23' title="bbox 201 1338 725 1396; baseline 0.002 -16"><span class='ocrx_word' id='word_1_143' title='bbox 201 1346 245 1381; x_wconf 85' lang='lat' dir='ltr'>ut</span> <span class='ocrx_word' id='word_1_144' title='bbox 277 1338 411 1396; x_wconf 72' lang='lat' dir='ltr'>(Very.</span> <span class='ocrx_word' id='word_1_145' title='bbox 436 1355 560 1392; x_wconf 58' lang='lat' dir='ltr'>georg.</span> <span class='ocrx_word' id='word_1_146' title='bbox 588 1344 606 1381; x_wconf 89' lang='lat' dir='ltr'>I</span> <span class='ocrx_word' id='word_1_147' title='bbox 635 1339 725 1396; x_wconf 77' lang='lat'>57):</span> 
     </span>
    </p>
   </div>
   <div class='ocr_carea' id='block_1_11' title="bbox 414 1422 996 1479">
    <p class='ocr_par' dir='ltr' id='par_1_12' title="bbox 414 1422 996 1479">
     <span class='ocr_line' id='line_1_24' title="bbox 414 1422 996 1479; baseline 0.003 -16"><span class='ocrx_word' id='word_1_148' title='bbox 414 1427 528 1464; x_wconf 85' lang='lat' dir='ltr'>India</span> <span class='ocrx_word' id='word_1_149' title='bbox 559 1428 686 1464; x_wconf 89' lang='lat' dir='ltr'>mittit</span> <span class='ocrx_word' id='word_1_150' title='bbox 718 1428 812 1464; x_wconf 86' lang='lat' dir='ltr'>ebur</span> <span class='ocrx_word' id='word_1_151' title='bbox 844 1422 950 1479; x_wconf 82' lang='grc' dir='ltr'>(ΑΓ</span> <span class='ocrx_word' id='word_1_152' title='bbox 960 1427 996 1465; x_wconf 93' lang='lat' dir='ltr'><strong><em>V</em></strong></span> 
     </span>
    </p>
   </div>
   <div class='ocr_carea' id='block_1_12' title="bbox 324 1516 1544 1572">
    <p class='ocr_par' dir='ltr' id='par_1_13' title="bbox 324 1516 1544 1572">
     <span class='ocr_line' id='line_1_25' title="bbox 324 1516 1544 1572; baseline 0 -14"><span class='ocrx_word' id='word_1_153' title='bbox 324 1516 364 1560; x_wconf 75' lang='grc'>7.</span> <span class='ocrx_word' id='word_1_154' title='bbox 397 1533 501 1558; x_wconf 72' lang='lat' dir='ltr'>nnus</span> <span class='ocrx_word' id='word_1_155' title='bbox 535 1517 703 1572; x_wconf 77' lang='lat' dir='ltr'><strong>QVIETA]</strong></span> <span class='ocrx_word' id='word_1_156' title='bbox 752 1521 855 1559; x_wconf 86' lang='lat' dir='ltr'>Liris</span> <span class='ocrx_word' id='word_1_157' title='bbox 887 1522 1030 1559; x_wconf 88' lang='lat' dir='ltr'>fluuius</span> <span class='ocrx_word' id='word_1_158' title='bbox 1063 1523 1122 1559; x_wconf 88' lang='lat' dir='ltr'>est</span> <span class='ocrx_word' id='word_1_159' title='bbox 1155 1519 1392 1570; x_wconf 80' lang='lat' dir='ltr'>Campaniae</span> <span class='ocrx_word' id='word_1_160' title='bbox 1424 1521 1544 1558; x_wconf 88' lang='lat' dir='ltr'>inter-</span> 
     </span>
    </p>
   </div>
   <div class='ocr_carea' id='block_1_13' title="bbox 201 1574 1543 1692">
    <p class='ocr_par' dir='ltr' id='par_1_14' title="bbox 201 1574 1543 1692">
     <span class='ocr_line' id='line_1_26' title="bbox 201 1574 1543 1632; baseline 0 -15"><span class='ocrx_word' id='word_1_161' title='bbox 201 1581 323 1618; x_wconf 88' lang='lat' dir='ltr'>fluens</span> <span class='ocrx_word' id='word_1_162' title='bbox 374 1580 509 1618; x_wconf 86' lang='lat' dir='ltr'>urbem</span> <span class='ocrx_word' id='word_1_163' title='bbox 557 1580 887 1618; x_wconf 85' lang='lat' dir='ltr'>Minturnensium</span> <span class='ocrx_word' id='word_1_164' title='bbox 938 1576 1001 1632; x_wconf 74' lang='lat' dir='ltr'>(ex</span> <span class='ocrx_word' id='word_1_165' title='bbox 1037 1574 1213 1632; x_wconf 53' lang='lat' dir='ltr'>Pomm),</span> <span class='ocrx_word' id='word_1_166' title='bbox 1269 1582 1313 1617; x_wconf 88' lang='lat' dir='ltr'>ut</span> <span class='ocrx_word' id='word_1_167' title='bbox 1344 1579 1543 1630; x_wconf 86' lang='lat' dir='ltr'>Vergilius</span> 
     </span>
     <span class='ocr_line' id='line_1_27' title="bbox 203 1634 589 1692; baseline 0 -16"><span class='ocrx_word' id='word_1_168' title='bbox 203 1634 371 1691; x_wconf 67' lang='lat' dir='ltr'>(Lucan.</span> <span class='ocrx_word' id='word_1_169' title='bbox 399 1640 439 1676; x_wconf 92' lang='grc' dir='ltr'>Π</span> <span class='ocrx_word' id='word_1_170' title='bbox 467 1634 589 1692; x_wconf 75' lang='lat'><strong>424):</strong></span> 
     </span>
    </p>
   </div>
   <div class='ocr_carea' id='block_1_14' title="bbox 414 1715 1501 1773">
    <p class='ocr_par' dir='ltr' id='par_1_15' title="bbox 414 1715 1501 1773">
     <span class='ocr_line' id='line_1_28' title="bbox 414 1715 1501 1773; baseline -0.001 -14"><span class='ocrx_word' id='word_1_171' title='bbox 414 1723 466 1759; x_wconf 88' lang='lat' dir='ltr'>Et</span> <span class='ocrx_word' id='word_1_172' title='bbox 497 1721 702 1760; x_wconf 86' lang='lat' dir='ltr'>umbrosae</span> <span class='ocrx_word' id='word_1_173' title='bbox 735 1721 838 1759; x_wconf 89' lang='lat' dir='ltr'>Liris</span> <span class='ocrx_word' id='word_1_174' title='bbox 870 1734 940 1771; x_wconf 90' lang='lat' dir='ltr'>per</span> <span class='ocrx_word' id='word_1_175' title='bbox 970 1734 1092 1771; x_wconf 85' lang='lat' dir='ltr'>regna</span> <span class='ocrx_word' id='word_1_176' title='bbox 1123 1721 1294 1759; x_wconf 80' lang='lat' dir='ltr'>Maricae</span> <span class='ocrx_word' id='word_1_177' title='bbox 1325 1715 1501 1773; x_wconf 70' lang='grc' dir='ltr'>(ΑΓοιῙ7</span> 
     </span>
    </p>
   </div>
   <div class='ocr_carea' id='block_1_15' title="bbox 200 1868 1543 2102">
    <p class='ocr_par' dir='ltr' id='par_1_16' title="bbox 200 1868 1543 2102">
     <span class='ocr_line' id='line_1_29' title="bbox 322 1868 1543 1915; baseline -0.001 -12"><span class='ocrx_word' id='word_1_178' title='bbox 322 1874 338 1903; x_wconf 91' lang='grc'>1</span> <span class='ocrx_word' id='word_1_179' title='bbox 368 1872 423 1904; x_wconf 85' lang='lat' dir='ltr'>set</span> <span class='ocrx_word' id='word_1_180' title='bbox 450 1884 469 1914; x_wconf 74' lang='grc' dir='ltr'>γ</span> <span class='ocrx_word' id='word_1_181' title='bbox 589 1874 610 1903; x_wconf 82' lang='lat'><strong>4</strong></span> <span class='ocrx_word' id='word_1_182' title='bbox 637 1871 692 1904; x_wconf 83' lang='lat' dir='ltr'>set</span> <span class='ocrx_word' id='word_1_183' title='bbox 717 1884 738 1915; x_wconf 75' lang='grc' dir='ltr'><em>γ</em></span> <span class='ocrx_word' id='word_1_184' title='bbox 783 1882 811 1912; x_wconf 74' lang='grc' dir='ltr'>ε,</span> <span class='ocrx_word' id='word_1_185' title='bbox 835 1871 871 1904; x_wconf 88' lang='lat' dir='ltr'><strong><em>A</em></strong></span> <span class='ocrx_word' id='word_1_186' title='bbox 888 1870 921 1903; x_wconf 89' lang='lat' dir='ltr'><strong><em>V</em></strong></span> <span class='ocrx_word' id='word_1_187' title='bbox 1029 1868 1239 1913; x_wconf 86' lang='lat' dir='ltr'>bonamque</span> <span class='ocrx_word' id='word_1_188' title='bbox 1262 1868 1543 1903; x_wconf 83' lang='lat' dir='ltr'>ualitutidinem</span> 
     </span>
     <span class='ocr_line' id='line_1_30' title="bbox 203 1915 1542 1961; baseline -0.002 -10"><span class='ocrx_word' id='word_1_189' title='bbox 203 1917 278 1960; x_wconf 78' lang='lat' dir='ltr'>(sie)</span> <span class='ocrx_word' id='word_1_190' title='bbox 312 1917 473 1960; x_wconf 80' lang='lat' dir='ltr'>corporis</span> <span class='ocrx_word' id='word_1_191' title='bbox 505 1927 622 1961; x_wconf 81' lang='lat' dir='ltr'>usque</span> <span class='ocrx_word' id='word_1_192' title='bbox 654 1917 701 1951; x_wconf 87' lang='lat' dir='ltr'>ad</span> <span class='ocrx_word' id='word_1_193' title='bbox 734 1919 961 1951; x_wconf 83' lang='lat' dir='ltr'>senectutem</span> <span class='ocrx_word' id='word_1_194' title='bbox 986 1916 1130 1961; x_wconf 83' lang='lat' dir='ltr'>precari</span> <span class='ocrx_word' id='word_1_195' title='bbox 1156 1930 1177 1961; x_wconf 81' lang='grc' dir='ltr'><em>γ</em></span> <span class='ocrx_word' id='word_1_196' title='bbox 1220 1916 1352 1960; x_wconf 87' lang='lat' dir='ltr'>bonaq.</span> <span class='ocrx_word' id='word_1_197' title='bbox 1381 1915 1542 1959; x_wconf 83' lang='lat' dir='ltr'>corporis</span> 
     </span>
     <span class='ocr_line' id='line_1_31' title="bbox 202 1962 1541 2008; baseline -0.001 -11"><span class='ocrx_word' id='word_1_198' title='bbox 202 1974 318 2007; x_wconf 86' lang='lat' dir='ltr'>usque</span> <span class='ocrx_word' id='word_1_199' title='bbox 351 1964 398 1998; x_wconf 85' lang='lat' dir='ltr'>ad</span> <span class='ocrx_word' id='word_1_200' title='bbox 431 1965 658 1998; x_wconf 82' lang='lat' dir='ltr'>senectutem</span> <span class='ocrx_word' id='word_1_201' title='bbox 689 1964 944 1998; x_wconf 84' lang='lat' dir='ltr'>ualetudinem</span> <span class='ocrx_word' id='word_1_202' title='bbox 976 1964 1079 2008; x_wconf 75' lang='lat' dir='ltr'>pcari</span> <span class='ocrx_word' id='word_1_203' title='bbox 1104 1964 1140 1998; x_wconf 90' lang='lat' dir='ltr'><strong><em>A</em></strong></span> <span class='ocrx_word' id='word_1_204' title='bbox 1183 1963 1354 2008; x_wconf 88' lang='lat' dir='ltr'>bonaque</span> <span class='ocrx_word' id='word_1_205' title='bbox 1380 1962 1541 2006; x_wconf 87' lang='lat' dir='ltr'>corporis</span> 
     </span>
     <span class='ocr_line' id='line_1_32' title="bbox 200 2009 1541 2056; baseline -0.001 -12"><span class='ocrx_word' id='word_1_206' title='bbox 200 2021 318 2054; x_wconf 82' lang='lat' dir='ltr'>usque</span> <span class='ocrx_word' id='word_1_207' title='bbox 344 2011 392 2045; x_wconf 84' lang='lat' dir='ltr'>ad</span> <span class='ocrx_word' id='word_1_208' title='bbox 418 2013 646 2045; x_wconf 81' lang='lat' dir='ltr'>senectutem</span> <span class='ocrx_word' id='word_1_209' title='bbox 671 2012 774 2056; x_wconf 83' lang='lat' dir='ltr'>pcari</span> <span class='ocrx_word' id='word_1_210' title='bbox 803 2013 886 2055; x_wconf 78' lang='lat' dir='ltr'>ch</span> <span class='ocrx_word' id='word_1_211' title='bbox 914 2011 1124 2055; x_wconf 87' lang='lat' dir='ltr'>bonumque</span> <span class='ocrx_word' id='word_1_212' title='bbox 1150 2021 1281 2055; x_wconf 86' lang='lat' dir='ltr'>corpus</span> <span class='ocrx_word' id='word_1_213' title='bbox 1308 2009 1483 2054; x_wconf 82' lang='lat' dir='ltr'>(corporis</span> <span class='ocrx_word' id='word_1_214' title='bbox 1503 2011 1541 2054; x_wconf 84' lang='grc' dir='ltr'>α)</span> 
     </span>
     <span class='ocr_line' id='line_1_33' title="bbox 200 2055 1542 2102; baseline -0.001 -11"><span class='ocrx_word' id='word_1_215' title='bbox 200 2068 318 2102; x_wconf 85' lang='lat' dir='ltr'>usque</span> <span class='ocrx_word' id='word_1_216' title='bbox 344 2058 391 2092; x_wconf 85' lang='lat' dir='ltr'>ad</span> <span class='ocrx_word' id='word_1_217' title='bbox 418 2060 645 2092; x_wconf 83' lang='lat' dir='ltr'>senectutem</span> <span class='ocrx_word' id='word_1_218' title='bbox 669 2058 813 2102; x_wconf 86' lang='lat' dir='ltr'>precari</span> <span class='ocrx_word' id='word_1_219' title='bbox 839 2071 888 2093; x_wconf 75' lang='lat' dir='ltr'>roc</span> <span class='ocrx_word' id='word_1_220' title='bbox 997 2061 1017 2091; x_wconf 87' lang='grc'><strong>9</strong></span> <span class='ocrx_word' id='word_1_221' title='bbox 1042 2057 1252 2092; x_wconf 86' lang='lat' dir='ltr'>moneribus</span> <span class='ocrx_word' id='word_1_222' title='bbox 1278 2058 1314 2092; x_wconf 90' lang='lat' dir='ltr'><strong><em>A</em></strong></span> <span class='ocrx_word' id='word_1_223' title='bbox 1417 2060 1460 2091; x_wconf 82' lang='lat'>14</span> <span class='ocrx_word' id='word_1_224' title='bbox 1485 2055 1542 2090; x_wconf 88' lang='lat' dir='ltr'>in—</span> 
     </span>
    </p>
   </div>
   <div class='ocr_carea' id='block_1_16' title="bbox 201 2103 1543 2291">
    <p class='ocr_par' dir='ltr' id='par_1_17' title="bbox 201 2103 1543 2244">
     <span class='ocr_line' id='line_1_34' title="bbox 202 2103 1540 2149; baseline -0.001 -11"><span class='ocrx_word' id='word_1_225' title='bbox 202 2105 396 2139; x_wconf 80' lang='lat' dir='ltr'>frumentis</span> <span class='ocrx_word' id='word_1_226' title='bbox 431 2106 464 2139; x_wconf 85' lang='lat' dir='ltr'><em>V</em></span> <span class='ocrx_word' id='word_1_227' title='bbox 502 2105 756 2140; x_wconf 85' lang='lat' dir='ltr'>instrumentis</span> <span class='ocrx_word' id='word_1_228' title='bbox 789 2107 850 2140; x_wconf 70' lang='lat' dir='ltr'>Ao</span> <span class='ocrx_word' id='word_1_229' title='bbox 892 2105 997 2139; x_wconf 81' lang='lat' dir='ltr'>schol.</span> <span class='ocrx_word' id='word_1_230' title='bbox 1020 2116 1085 2140; x_wconf 82' lang='lat' dir='ltr'>om.</span> <span class='ocrx_word' id='word_1_231' title='bbox 1106 2116 1184 2149; x_wconf 67' lang='grc' dir='ltr'>γορ</span> <span class='ocrx_word' id='word_1_232' title='bbox 1227 2103 1400 2138; x_wconf 82' lang='lat' dir='ltr'>iumentis</span> <span class='ocrx_word' id='word_1_233' title='bbox 1432 2103 1540 2138; x_wconf 78' lang='lat' dir='ltr'>Hau-</span> 
     </span>
     <span class='ocr_line' id='line_1_35' title="bbox 202 2150 1543 2196; baseline -0.001 -10"><span class='ocrx_word' id='word_1_234' title='bbox 202 2153 278 2187; x_wconf 74' lang='lat' dir='ltr'>thal</span> <span class='ocrx_word' id='word_1_235' title='bbox 399 2155 441 2186; x_wconf 88' lang='grc'>16</span> <span class='ocrx_word' id='word_1_236' title='bbox 468 2154 524 2186; x_wconf 84' lang='lat' dir='ltr'>est</span> <span class='ocrx_word' id='word_1_237' title='bbox 555 2157 637 2187; x_wconf 75' lang='lat' dir='ltr'>ante</span> <span class='ocrx_word' id='word_1_238' title='bbox 669 2155 706 2187; x_wconf 86' lang='lat' dir='ltr'>et</span> <span class='ocrx_word' id='word_1_239' title='bbox 731 2165 796 2187; x_wconf 83' lang='lat' dir='ltr'>om.</span> <span class='ocrx_word' id='word_1_240' title='bbox 808 2153 868 2196; x_wconf 76' lang='lat' dir='ltr'>Vp</span> <span class='ocrx_word' id='word_1_241' title='bbox 899 2154 1062 2195; x_wconf 84' lang='lat' dir='ltr'>(estuosa</span> <span class='ocrx_word' id='word_1_242' title='bbox 1087 2152 1186 2186; x_wconf 87' lang='lat' dir='ltr'>enim</span> <span class='ocrx_word' id='word_1_243' title='bbox 1209 2151 1312 2196; x_wconf 86' lang='lat' dir='ltr'>regio</span> <span class='ocrx_word' id='word_1_244' title='bbox 1339 2152 1395 2185; x_wconf 84' lang='lat' dir='ltr'>est</span> <span class='ocrx_word' id='word_1_245' title='bbox 1420 2150 1543 2195; x_wconf 86' lang='lat' dir='ltr'>aptior</span> 
     </span>
     <span class='ocr_line' id='line_1_36' title="bbox 201 2197 1492 2244; baseline -0.001 -11"><span class='ocrx_word' id='word_1_246' title='bbox 201 2199 324 2243; x_wconf 81' lang='lat' dir='ltr'>pecori</span> <span class='ocrx_word' id='word_1_247' title='bbox 361 2200 419 2233; x_wconf 87' lang='lat' dir='ltr'>ut:</span> <span class='ocrx_word' id='word_1_248' title='bbox 459 2197 579 2233; x_wconf 87' lang='lat' dir='ltr'>Calidi</span> <span class='ocrx_word' id='word_1_249' title='bbox 617 2200 683 2234; x_wconf 86' lang='lat' dir='ltr'>etc.</span> <span class='ocrx_word' id='word_1_250' title='bbox 711 2202 741 2244; x_wconf 80' lang='lat' dir='ltr'>c)</span> <span class='ocrx_word' id='word_1_251' title='bbox 888 2202 928 2233; x_wconf 78' lang='lat'>17</span> <span class='ocrx_word' id='word_1_252' title='bbox 967 2198 1101 2233; x_wconf 87' lang='lat' dir='ltr'>buceta</span> <span class='ocrx_word' id='word_1_253' title='bbox 1137 2199 1200 2244; x_wconf 73' lang='lat' dir='ltr'>cp]</span> <span class='ocrx_word' id='word_1_254' title='bbox 1232 2197 1387 2232; x_wconf 85' lang='lat' dir='ltr'>bucceta</span> <span class='ocrx_word' id='word_1_255' title='bbox 1418 2202 1492 2232; x_wconf 76' lang='lat' dir='ltr'>cett.</span> 
     </span>
    </p>

    <p class='ocr_par' dir='ltr' id='par_1_18' title="bbox 201 2245 1540 2291">
     <span class='ocr_line' id='line_1_37' title="bbox 201 2245 1540 2291; baseline -0.001 -11"><span class='ocrx_word' id='word_1_256' title='bbox 201 2246 334 2280; x_wconf 85' lang='lat' dir='ltr'>matini</span> <span class='ocrx_word' id='word_1_257' title='bbox 355 2247 421 2291; x_wconf 80' lang='lat' dir='ltr'>cp]</span> <span class='ocrx_word' id='word_1_258' title='bbox 447 2246 606 2280; x_wconf 76' lang='lat' dir='ltr'>niathini</span> <span class='ocrx_word' id='word_1_259' title='bbox 632 2251 705 2281; x_wconf 71' lang='lat' dir='ltr'>cett.</span> <span class='ocrx_word' id='word_1_260' title='bbox 846 2249 890 2280; x_wconf 79' lang='lat'>20</span> <span class='ocrx_word' id='word_1_261' title='bbox 910 2245 1088 2280; x_wconf 85' lang='lat' dir='ltr'>mittebur</span> <span class='ocrx_word' id='word_1_262' title='bbox 1107 2246 1142 2280; x_wconf 91' lang='lat' dir='ltr'><strong><em>A</em></strong></span> <span class='ocrx_word' id='word_1_263' title='bbox 1274 2249 1317 2279; x_wconf 79' lang='lat'>22</span> <span class='ocrx_word' id='word_1_264' title='bbox 1337 2246 1380 2279; x_wconf 88' lang='lat' dir='ltr'>ut</span> <span class='ocrx_word' id='word_1_265' title='bbox 1399 2245 1540 2291; x_wconf 74' lang='lat' dir='ltr'>Aroep]</span> 
     </span>
    </p>
   </div>
   <div class='ocr_carea' id='block_1_17' title="bbox 202 2292 1189 2338">
    <p class='ocr_par' dir='ltr' id='par_1_19' title="bbox 202 2292 1189 2338">
     <span class='ocr_line' id='line_1_38' title="bbox 202 2292 1189 2338; baseline -0.002 -10"><span class='ocrx_word' id='word_1_266' title='bbox 202 2305 267 2328; x_wconf 81' lang='lat' dir='ltr'>om.</span> <span class='ocrx_word' id='word_1_267' title='bbox 291 2294 355 2338; x_wconf 74' lang='lat' dir='ltr'>yV</span> <span class='ocrx_word' id='word_1_268' title='bbox 445 2294 537 2337; x_wconf 65' lang='lat' dir='ltr'>uergr</span> <span class='ocrx_word' id='word_1_269' title='bbox 564 2294 613 2338; x_wconf 89' lang='lat' dir='ltr'>A]</span> <span class='ocrx_word' id='word_1_270' title='bbox 639 2294 732 2338; x_wconf 81' lang='lat' dir='ltr'>uirg.</span> <span class='ocrx_word' id='word_1_271' title='bbox 755 2297 829 2328; x_wconf 70' lang='lat' dir='ltr'>cett.</span> <span class='ocrx_word' id='word_1_272' title='bbox 928 2296 971 2327; x_wconf 78' lang='lat'>24</span> <span class='ocrx_word' id='word_1_273' title='bbox 997 2292 1128 2327; x_wconf 85' lang='lat' dir='ltr'>marite</span> <span class='ocrx_word' id='word_1_274' title='bbox 1155 2293 1189 2327; x_wconf 87' lang='lat' dir='ltr'><strong><em>A</em></strong></span> 
     </span>
    </p>
   </div>
  </div>
 </body>
</html>
