1664 2563
505 693 722 736 GARMEN
755 697 1064 736 SAEGVLARE

218 800 402 856 [EPODON
433 817 622 843 EXPLICIT
654 816 805 843 metm·
839 816 1002 843 CARMEN
1035 816 1242 844 SECVLARE
1276 800 1348 858 (A]

228 898 423 938 *Carmen
461 899 533 938 hoc
570 900 657 937 ideo
697 900 841 937 dicitur
879 901 1094 948 saeculare,
1134 900 1238 949 quod
1268 913 1338 949 per
1369 912 1455 938 cen-

108 961 193 996 tum
233 961 272 997 et
309 959 442 997 decem
480 972 602 997 annos
640 959 724 997 ludi
763 958 1061 997 celebrabantur
1091 959 1217 998 tribus
1250 959 1384 998 diebus
1418 961 1456 997 et

108 1018 234 1057 tribus
266 1018 447 1057 noctibus
481 1013 560 1071 (Pb
1505 1025 1524 1057 5

226 1078 425 1116 ²³²Metrum
462 1079 541 1116 tres
581 1077 786 1127 Sapphici,
826 1079 989 1126 quartus
1028 1078 1198 1127 dipodia.
1261 1078 1456 1116 Dixerunt

110 1138 244 1175 autem
292 1138 366 1175 hoc
414 1150 570 1175 carmen
615 1137 879 1176 saecularibus
923 1137 1043 1185 ludis,
1094 1150 1190 1186 quos
1234 1137 1457 1175 celebrabat

105 1196 308 1247 Augustus
345 1198 388 1234 in
430 1195 626 1246 Capitolio
664 1198 754 1246 post
791 1198 948 1234 centum
980 1198 1019 1235 et
1050 1197 1183 1235 decem
1214 1209 1336 1235 annos
1369 1210 1455 1235 cum

106 1255 328 1306 uirginibus
363 1257 401 1293 et
432 1257 564 1305 pueris
595 1257 853 1305 praetextatis
887 1250 943 1308 (Γ

229 1309 270 1354 l.
321 1327 484 1352 PHOEBE
529 1326 814 1357 SILVARVMQVE
857 1325 1013 1352 POTENS
1054 1310 1114 1366 D.]
1177 1311 1453 1367 s<a>ecularis
1482 1322 1524 1354 10

106 1375 291 1412 carminis
331 1374 473 1424 duplex
512 1374 669 1412 deuotio
709 1387 790 1412 esse
828 1375 1101 1412 consueuerat:
1146 1376 1216 1412 aut
1247 1376 1351 1413 enim
1381 1388 1452 1424 pro

106 1433 278 1472 sedanda
316 1435 355 1471 et
391 1434 582 1471 uertenda
613 1434 858 1483 pestilentia,
897 1436 967 1472 aut
997 1446 1068 1483 pro
1101 1435 1206 1472 certo
1240 1436 1279 1472 et
1311 1436 1454 1473 consti—

104 1494 192 1531 tuto
234 1506 396 1531 numero
436 1506 645 1541 annorum3
690 1494 901 1531 centesimo
941 1494 1045 1531 enim
1083 1493 1232 1531 decimo
1271 1506 1374 1532 anno
1412 1495 1454 1531 in

107 1551 304 1602 Capitolio
339 1565 361 1590 a
391 1553 534 1602 puellis
561 1555 599 1590 et
624 1553 755 1602 pueris
781 1552 1035 1602 inpuberibus
1062 1553 1306 1591 cantabatur.
1359 1553 1452 1591 Ideo

106 1614 239 1649 autem
275 1613 457 1661 tempora
494 1614 769 1650 numeraturus
809 1612 856 1650 ab
887 1611 1073 1661 Apolline
1112 1613 1151 1650 et
1181 1612 1311 1651 Diana
1344 1614 1452 1662 prin·
1480 1619 1522 1650 15

106 1672 253 1720 cipium
291 1673 475 1721 sumpsit,
518 1672 611 1720 quia
647 1672 725 1721 ipsi
760 1672 803 1708 in
833 1671 981 1709 honore
1013 1671 1105 1709 solis
1137 1671 1383 1710 habebantur
1415 1674 1454 1710 et

105 1730 240 1778 lunae,
283 1731 386 1768 unde
423 1731 642 1781 Vergilius,
687 1731 862 1768 dicturus
901 1729 1121 1781 Georgicon
1165 1744 1338 1779 carmen,
1383 1731 1453 1770 sub

107 1790 277 1827 aliorum
308 1790 511 1828 uocabulis
543 1791 750 1827 numinum
780 1791 886 1839 ipsos
918 1791 1122 1828 inuocauit
1155 1785 1192 1842 (I
1219 1785 1370 1843 5—7):

566 1861 658 1908 Vos,
691 1873 712 1898 o
746 1861 963 1899 clarissima
995 1861 1133 1899 mundi

283 1919 464 1967 Lumina,
497 1919 695 1958 labentem
728 1921 835 1958 caelo
869 1933 968 1969 quae
1001 1920 1143 1959 ducitis
1176 1933 1333 1969 annum,
1478 1928 1522 1959 20

283 1978 401 2016 Liber
434 1981 473 2017 et
505 1980 609 2017 alma
643 1978 756 2017 Ceres
791 1973 950 2031 (Ava
970 1991 1068 2018 cons.
1089 1991 1139 2028 cp

225 2095 244 2125 3
284 2102 432 2126 carmen
459 2112 502 2116 -—
530 2091 737 2137 seeussaress
777 2102 882 2128 eacan.
904 2093 923 2127 b
1069 2096 1087 2126 7
1124 2092 1351 2128 secularibus
1384 2107 1404 2138 γ

105 2141 125 2173 8
153 2150 237 2173 cum
262 2139 362 2184 uirg:
390 2140 428 2173 et
452 2139 576 2184 pueris
602 2139 847 2184 praetextatis
873 2140 906 2186 r]
933 2140 1098 2186 uirgines
1125 2142 1162 2175 et
1181 2141 1288 2185 pueri
1306 2141 1450 2185 pretex-

104 2187 176 2220 tati
203 2201 222 2231 7
369 2190 412 2221 10
438 2186 546 2221 foebe
571 2188 606 2221 A
637 2186 759 2231 phebe
792 2187 826 2222 V
849 2189 1048 2232 praemisso
1074 2188 1210 2231 Aliter3
1236 2192 1325 2223 recte
1351 2199 1404 2232 vp

106 2237 147 2267 11
177 2235 241 2268 aut
266 2234 492 2269 uertendaV
584 2237 626 2268 13
653 2234 766 2280 enim]
795 2233 867 2270 &V
888 2235 987 2269 enim
1013 2237 1050 2270 et
1075 2247 1093 2271 c
1112 2247 1177 2270 om.
1198 2236 1221 2278 f
1314 2239 1356 2269 14
1382 2235 1450 2268 im-

103 2281 306 2324 puberibus
317 2282 395 2326 ch
494 2285 537 2315 15
557 2281 737 2316 numerat'
750 2282 786 2316 A
883 2283 1070 2327 appolline
1091 2284 1126 2317 A
1225 2286 1265 2316 17
1287 2281 1385 2316 unde
1405 2303 1451 2307 —

105 2329 220 2374 ceres]
249 2340 314 2364 om.
335 2329 358 2372 f
453 2330 555 2374 Uerg.
584 2329 634 2375 A]
660 2329 754 2375 uirg.
777 2333 852 2365 cett.
956 2330 1155 2376 georgicon
1182 2329 1346 2364 dicturus
1373 2329 1408 2363 V

105 2376 266 2422 carmen]
294 2377 406 2411 0¹er
