1664 2563
126 87 211 122 VIH
664 83 934 119 PRAEFATIO

130 201 195 247 15,
224 201 258 237 2.
292 199 352 236 ΠΙ
381 201 446 247 19,
474 198 641 236 3--ΙΙΙΙ
670 198 721 235 15
754 198 816 236 tit.
839 196 949 245 epod.
973 199 1009 244 1,
1038 198 1162 244 1—2,
1190 198 1255 235 50.
1291 197 1328 244 5,
1357 197 1471 233 71—-

131 261 196 307 17,
225 261 289 296 27.
335 272 446 297 serm.
474 258 525 306 Π,
553 259 589 306 5,
617 258 801 295 45—90.
843 256 883 293 ΙΙ
910 257 947 304 6,
976 257 1187 294 26-117,
1226 255 1266 292 Π
1295 257 1331 303 7,
1359 255 1473 292 46-

130 320 195 356 91.
228 318 268 355 Π
294 319 332 366 8,
361 319 544 355 65—95.
578 318 689 366 epist.
716 316 736 353 I
764 317 829 364 19,
856 315 1013 354 49—11
1040 316 1076 363 2,
1105 316 1170 352 65.
1204 328 1236 352 a.
1264 328 1300 364 p.
1331 315 1472 352 104—

132 379 226 415 195.
261 378 505 415 472—476.
568 376 614 414 In
646 387 798 414 summa
832 375 972 413 desunt
1006 375 1057 412 67
1092 375 1199 412 folia.

246 437 404 485 Itaque,
444 437 625 485 quamuis
657 450 680 473 ν
712 448 800 473 cum
831 433 915 472 AV
948 435 1074 484 magis
1110 435 1363 472 coniunctum
1395 445 1476 471 esse

131 509 250 545 quam
294 498 332 533 Γ
371 509 416 534 ex
460 496 617 534 scholiis
663 494 712 532 ad
756 495 974 532 carminum
1018 493 1163 530 librum
1208 494 1394 541 quartum
1438 493 1477 529 et

131 556 276 605 epodos
309 558 348 593 et
380 568 536 593 carmen
569 555 767 592 saeculare
792 553 1081 602 pertinentibus
1108 553 1204 590 satis
1226 552 1394 602 eluceat,
1423 572 1476 576 —

129 616 193 653 hic
232 616 337 653 enim
373 616 548 652 recensio
581 615 618 650 Γ
644 613 692 650 ab
724 612 763 649 A
794 624 954 661 prorsus
987 613 1117 649 aliena
1148 624 1228 649 non
1259 611 1309 649 ad
1340 623 1478 648 uerum

130 674 460 721 Pseudacronem,
502 673 569 711 sed
606 673 656 710 ad
686 672 1000 720 Porphyrionem
1030 672 1207 720 proxime
1239 669 1391 708 accedit
1422 691 1477 695 —

130 736 263 772 tamen
290 734 418 771 facere
443 746 522 770 non
547 733 671 781 potui,
705 732 801 779 quin
827 731 1034 779 permultis
1060 731 1168 778 locis,
1194 729 1262 766 ubi
1287 744 1310 766 ν
1336 728 1480 776 deficit,

132 793 312 831 codicum
344 805 393 843 νγ
425 793 488 829 1101
515 792 685 829 aliorum
711 791 761 828 ad
787 789 950 827 eandem
975 789 1170 827 familiam
1195 789 1480 838 pertinentium

132 853 328 891 adferrem
360 852 558 889 lectiones.

252 912 378 960 Stirpi
390 912 428 947 Γ
436 912 567 948 autem
581 910 624 947 hi
638 908 923 946 adnumerandi
937 909 1028 945 sunt
1042 907 1151 945 libri:
1171 920 1253 958 rya
1262 907 1329 953 bfz
1340 906 1478 944 OELs.

250 983 271 1007 o·
303 972 362 1009 est
393 970 474 1008 cod.
501 969 704 1007 Parisinus
736 967 902 1005 Latinus
936 962 1051 1019 (olim
1082 960 1478 1018 Erphesphurtensis)

135 1044 247 1081 9345
287 1054 385 1080 saec.
413 1027 593 1088 X—ffi,
638 1040 876 1078 scholiorum
908 1040 945 1075 Γ
979 1038 1080 1075 liber
1115 1039 1368 1087 praecipuus,
1413 1037 1483 1085 qui

134 1115 233 1140 unus
278 1102 454 1139 omnium
499 1101 762 1138 uetustiorum
806 1100 947 1136 cuncta
990 1097 1140 1136 scholia
1170 1098 1208 1134 Γ
1244 1096 1483 1147 marginalia

136 1162 421 1210 complectitur.

251 1248 274 1283 γ
307 1233 366 1270 est
391 1231 510 1269 codex
528 1230 732 1267 Parisinus
752 1228 918 1266 Latinus
948 1228 1058 1266 7975
1087 1240 1185 1266 saec.
1206 1227 1272 1266 XI.
1328 1226 1484 1264 Desunt

135 1292 252 1330 schol.
282 1291 332 1329 ad
362 1303 479 1328 carm.
500 1289 520 1326 Ι
548 1291 584 1337 1,
613 1290 737 1335 1-7,
764 1290 789 1325 4
823 1290 863 1325 et
893 1287 944 1325 ad
975 1300 1092 1326 carm.
1113 1286 1133 1324 I
1155 1287 1220 1334 18,
1249 1286 1433 1333 15—23,
1456 1285 1479 1323 5

136 1353 175 1389 et
207 1351 257 1388 ad
289 1351 400 1399 epist.
428 1349 478 1397 ΙΙ,
508 1351 543 1396 1,
572 1347 757 1386 248-Ιῖ
785 1348 821 1395 2,
849 1347 944 1384 216.

254 1408 358 1454 Quos
385 1409 460 1446 duo
487 1408 620 1455 libros,
647 1408 834 1456 quoniam
860 1408 964 1444 inter
990 1418 1029 1443 se
1054 1405 1224 1442 inaxime
1250 1404 1484 1454 congruunt,

137 1469 329 1507 adductus
373 1481 459 1506 sum
502 1468 547 1504 ut
590 1479 668 1504 una
709 1467 844 1503 littera
882 1467 919 1502 Γ
958 1465 1240 1513 conplectcrer,
1286 1463 1354 1500 ubi
1390 1474 1484 1500 uero

139 1530 331 1566 alteruter
362 1527 504 1574 deficit,
537 1527 659 1564 alium
692 1538 736 1563 ex
769 1525 904 1562 eadem
929 1524 1083 1561 familia
1109 1523 1409 1571 adsumpsimus,
1440 1522 1486 1558 ut

138 1603 161 1625 α
171 1589 191 1625 b
200 1587 351 1635 fOELs
359 1599 390 1635 Ξ,
404 1587 522 1635 idque
537 1598 730 1633 nusquam
745 1597 822 1621 non
837 1596 906 1622 suo
921 1584 1006 1621 loco
1021 1583 1200 1620 diximus.
1233 1581 1484 1619 Recensionis

138 1655 187 1696 F'
214 1659 414 1696 auctorem
445 1658 589 1694 uixisse
622 1655 853 1694 crediderim
880 1655 1034 1692 saeculo
1060 1653 1156 1701 VH,
1187 1652 1425 1690 recensionis
1450 1652 1490 1687 Γ

140 1730 296 1768 53001110
328 1716 406 1765 ᾖ
437 1729 500 1765 1101
532 1714 640 1764 ssi-fi.

257 1804 281 1825 α
313 1790 352 1826 et
377 1789 399 1825 b
430 1788 635 1837 magisque
661 1787 781 1823 etiam
808 1786 828 1823 b
856 1787 894 1822 et
918 1785 942 1832 f
961 1786 1065 1822 inter
1091 1796 1130 1822 se
1156 1782 1357 1821 coniuncti
1382 1782 1483 1819 sunt.

257 1874 281 1896 α
313 1860 372 1897 est
397 1859 478 1896 cod.
499 1858 683 1896 Halensis
703 1857 766 1907 Yg
787 1857 838 1894 21
862 1857 944 1894 siue
964 1855 1267 1892 Barcinonensis
1287 1865 1384 1891 saec.
1401 1838 1486 1900 {13

140 1919 314 1968 pertinet
363 1918 413 1955 ad
463 1919 625 1966 stirpem
668 1918 711 1964 Γ,
761 1916 828 1954 sed
873 1915 979 1952 haud
1022 1926 1167 1963 paucas
1211 1912 1486 1950 adnotationes

142 1980 368 2073 Omlfflidem
406 2036 646 2084 conspicitur
683 2036 723 2071 in
762 2033 893 2072 codice
926 2034 958 2070 b.
1020 2032 1058 2070 Is
1097 2033 1156 2069 est
1185 2029 1486 2079 Bambergensis

143 2103 259 2160 (olim
292 2101 555 2158 Corbeiensis)
588 2105 633 2144 K.
663 2106 685 2142 2
721 2105 885 2142 exeunte
917 2103 1071 2141 saeculo
1097 2102 1133 2139 X
1163 2102 1349 2150 scriptus,
1393 2111 1486 2149 ergo

142 2168 247 2205 inter
278 2167 566 2204 uetustissimos
598 2164 873 2210 numerandus,
906 2162 973 2200 sed
1004 2162 1129 2198 multa
1156 2160 1306 2207 desunt,
1339 2159 1385 2197 cf.
1407 2158 1486 2195 edi-

142 2227 261 2264 tionis
317 2225 561 2263 Horatianae
618 2224 779 2261 alterius
837 2217 960 2274 (Lips.
1014 2214 1144 2272 1899)
1199 2218 1487 2268 praefationem

142 2299 178 2335 p.
205 2284 342 2321 LXIX.
398 2284 527 2320 Multa
560 2295 714 2331 quoque
747 2294 846 2330 quae
878 2280 1062 2318 librarius
1095 2279 1305 2327 scripserat
1336 2290 1359 2314 3
1390 2276 1488 2314 stul-

142 2345 294 2383 tissimo
328 2344 569 2393 glutinatore
602 2341 752 2379 abscisa
784 2353 865 2378 esse
897 2340 1072 2388 apparet.
