1664 2563
579 115 722 151 CARM.
743 116 760 150 I
780 119 832 151 36.
857 119 899 150 37
1335 115 1414 157 131

188 241 294 266 PEDE
336 224 502 280 LIBERO]
564 228 649 266 Aut
687 241 710 266 a
746 228 844 278 fuga
882 230 954 265 aut
991 240 1014 265 a
1050 228 1237 277 periculis
1282 240 1418 266 securo

73 291 144 326 aut
174 289 399 326 lasciuienti
433 283 583 341 (AFV

190 343 232 387 2.
264 359 477 386 PVLSANDA
509 343 682 398 TELLvs]
714 346 865 384 Pedum
895 347 1042 396 plausu
1072 346 1249 384 ferienda
1275 341 1423 399 (AFV

189 403 444 458 SALIARIBvs]
508 406 678 444 Saliares
729 418 867 454 cenae,
917 418 1015 455 quas
1061 405 1159 443 Salii
1209 406 1418 453 faciebant,

69 466 256 504 dicuntur
280 467 515 516 amplissimi
541 468 758 516 apparatus
785 466 918 514 fuisse,
951 465 1054 503 unde
1082 468 1121 503 et
1145 467 1187 502 in
1207 465 1417 515 prouerbio
1469 473 1489 502 5

70 528 154 564 erat
193 525 363 564 Saliares
408 538 522 564 cenas
567 525 693 563 dicere
732 526 915 574 opiparas
955 527 994 563 et
1031 526 1209 575 copiosas
1249 519 1424 577 (APaV

70 597 114 623 ex
142 586 280 633 Porph.

188 639 232 684 3.
266 643 371 683 Ordo
404 647 479 683 est:
519 657 623 682 nunc
656 645 716 682 est
746 646 902 694 tempus
936 655 1074 682 ornare
1106 644 1296 693 puluinar
1328 643 1418 681 deo-

67 717 157 741 rum
190 703 409 742 Saliaribus
442 704 611 753 dapibus
645 698 775 756 (FocV

187 775 388 801 PVLVINAR
432 759 618 813 DEORvm]
681 762 913 800 Puluinaria
950 761 1180 800 dicebantur
1218 763 1286 800 aut
1323 762 1417 800 lecti
1446 769 1489 799 10

68 822 228 860 deorum
262 824 331 860 aut
361 823 560 870 tabulata,
592 823 633 859 in
668 821 808 870 quibus
842 821 1002 860 stabant
1032 822 1214 870 numina,
1245 823 1291 859 ut
1323 822 1415 858 emi-

67 883 249 920 nentiora
278 882 507 920 uiderentur
539 876 690 934 (AFV

185 935 230 980 4.
280 937 405 992 ERAT]
462 941 536 979 Pro
570 943 629 979 est
661 934 764 992 (AF

184 1012 357 1039 DAPIBvs
397 996 598 1051 sommis]
654 999 750 1038 Post
787 999 1096 1037 consolationem
1134 1000 1238 1037 enim
1277 999 1417 1037 hostiis

66 1059 341 1109 epulabantur,
372 1063 418 1098 ut
450 1055 587 1113 (Verq.
613 1058 712 1098 Aen.
737 1058 793 1096 XI
821 1053 944 1111 740):
1447 1066 1487 1096 15

243 1142 368 1181 Lucos
400 1145 518 1182 uocat
549 1143 680 1180 hostia
711 1142 870 1192 pinguis
902 1142 943 1178 in
976 1142 1077 1179 altos
1111 1137 1214 1194 (AF

185 1233 229 1276 5.
287 1234 563 1287 C<a>eoubum
601 1230 730 1289 (Vp)]
786 1235 934 1273 Vinum
971 1237 1085 1273 uetus
1125 1229 1304 1287 (AFVp
1335 1236 1409 1274 sim

64 1297 228 1395 Pmffllfi.
272 1366 412 1393 CELLIS
444 1351 594 1406 AVITIS]
645 1354 832 1403 Antiquis
864 1354 972 1392 cellis
1003 1355 1168 1392 uinariis
1201 1349 1304 1406 (AF
1314 1355 1350 1393 V

186 1410 228 1454 ’7.
260 1410 428 1465 REGmA]
462 1414 569 1452 Idest
600 1413 821 1464 Cleopatra,
851 1415 897 1451 ut
928 1409 1024 1464 [est]
1057 1408 1227 1466 (Lucem.
1250 1414 1284 1451 X
1313 1408 1404 1466 63):
1444 1421 1488 1452 20

243 1498 399 1536 Terruit
429 1498 501 1536 illa
532 1510 612 1546 suo,
646 1499 679 1536 si
710 1498 783 1545 fas,
817 1496 1017 1546 Capitolia
1048 1497 1165 1535 sistro
1200 1491 1304 1549 (AF
1314 1497 1351 1536 V

186 1593 290 1631 Ordo
326 1595 401 1631 est:
451 1592 545 1630 dum
575 1593 713 1643 regina
744 1593 929 1642 inpotens
962 1604 1119 1641 sperare
1151 1591 1346 1640 quidlibet
1377 1594 1416 1629 et

67 1652 174 1691 ebria
223 1652 329 1690 dulci
375 1653 535 1690 fortuna
583 1652 752 1702 parabat
794 1651 911 1689 funus
957 1653 995 1689 et
1038 1651 1236 1689 dementes
1279 1652 1414 1688 ruinas

66 1711 263 1761 Capitolio
303 1714 341 1750 et
378 1712 543 1761 imperio
583 1724 671 1749 cum
708 1724 824 1762 grege
863 1711 1041 1759 turpium
1072 1711 1248 1747 uirorum
1281 1712 1412 1748 conta-

65 1772 215 1809 minato
246 1771 381 1809 morbo
415 1766 543 1824 (PaV
1440 1777 1483 1808 25

185 1842 400 1867 DEMENTES
432 1825 596 1880 RVINAS]
631 1830 837 1879 Ypallage,
869 1841 939 1878 pro
974 1825 1082 1878 ‘ipsa
1113 1824 1292 1866 demens'
1327 1822 1412 1881 (Ar

184 1885 228 1928 9.
263 1901 552 1927 CONTAMINATO
587 1901 668 1927 CVM
701 1900 836 1926 GREGE
869 1883 1065 1938 TvRPwM]
1116 1883 1261 1938 [Idest]
1295 1900 1412 1926 eunu-

67 1948 238 1997 chorum,
270 1961 367 1998 quos
393 1949 583 1987 satellites
609 1948 749 1986 habuit
776 1946 985 1996 Cleopatra
1011 1945 1076 1999 (ex
1094 1941 1263 1999 Porph.)
1316 1947 1413 1984 Tur-

65 2009 176 2057 pium
211 2004 380 2060 [autem]
413 2010 482 2046 aut
513 2008 640 2046 malae
672 2008 780 2045 uitae
813 2008 882 2045 aut
913 2007 1153 2044 euiratorum
1186 2000 1289 2058 (ΑΓ
1299 2007 1335 2044 V

188 2184 204 2214 1
233 2190 255 2214 a
292 2179 466 2224 periculis
505 2181 570 2214 aut
602 2190 623 2213 a
655 2181 734 2223 (om.
756 2180 786 2223 e)
816 2178 906 2223 fuga
934 2180 968 2212 Γ
978 2179 1057 2222 ch
1203 2181 1245 2212 16
1271 2178 1410 2224 hostia]

68 2227 164 2262 ostia
178 2228 242 2272 Ay
318 2231 358 2261 17
380 2228 508 2262 lemma
527 2227 643 2270 om.A,
663 2228 791 2267 lemma
809 2230 842 2260 et
860 2226 992 2261 schole
1067 2228 1108 2259 19
1125 2225 1243 2271 cellis]
1258 2237 1323 2260 om.
1336 2227 1370 2260 V

69 2277 112 2307 20
137 2274 235 2309 idest
261 2275 349 2320 ΑΓ]
377 2276 533 2319 0111.ch
662 2275 718 2308 est
743 2274 850 2317 erp
994 2276 1037 2307 22
1063 2272 1249 2317 impotens
1275 2274 1370 2308 rocV

69 2324 111 2354 27
138 2321 236 2356 idest
261 2327 344 2357 ante
369 2322 619 2356 eunuchorum
644 2322 771 2356 inserit
784 2323 823 2363 Γ,
848 2331 922 2355 non
942 2322 976 2355 A
993 2321 1071 2364 ch
1216 2323 1258 2354 -29
1286 2322 1410 2354 autem

69 2369 103 2401 Γ
115 2369 174 2412 Vp
199 2369 335 2405 om.Ac
430 2369 527 2404 male
544 2370 580 2404 A
