1664 2563
587 92 731 128 CARM.
752 94 785 128 Π
807 98 836 128 1.
859 98 878 128 2
1326 95 1412 136 143

59 207 205 255 celata,
244 208 282 244 et
313 207 402 244 uult
431 207 613 257 intellegi
646 206 879 244 Sallustium
911 219 985 244 non
1021 207 1218 244 occultare
1248 207 1411 245 diuitias

62 262 237 319 (AsaV
253 278 296 304 ex
320 266 461 313 Por-ph.

180 320 224 364 3.
270 336 351 363 NISI
383 321 647 376 TEMPERATO]
704 325 938 374 Temperato
975 337 1066 373 usu,
1104 326 1324 373 moderato,
1363 339 1411 363 ne

60 384 281 423 crederetur
309 384 551 434 prohibendo
579 386 792 422 auaritiam
818 384 978 422 suadere
1000 385 1199 422 luxuriam
1221 379 1366 437 (ΑΓΕ
1380 386 1415 423 V

179 439 223 483 5.
279 456 400 482 VIVET
444 455 632 481 EXTENTO
670 456 704 481 P.
732 440 787 494 E]
849 443 956 482 Idest
993 445 1034 481 in
1072 446 1321 493 perpetuum,
1365 446 1411 481 ut
1461 453 1484 483 5

59 497 195 556 (Very.
221 501 320 542 Aen.
345 503 422 540 XII
450 497 573 556 235):

271 586 475 636 Viuusque
506 599 576 636 per
609 598 677 624 ora
709 587 867 624 feretur.

58 680 308 719 Proculeium
364 682 467 719 enim
524 682 696 731 equitem
752 681 973 719 Romanum
1027 681 1183 729 laudat,
1240 682 1409 719 amioum

58 740 243 791 Augusti,
276 742 344 790 qui
375 742 464 790 pius
497 742 551 779 sio
584 754 677 791 erga
709 741 850 779 fratres
884 752 975 778 suos
1003 740 1226 789 Scipionem
1260 743 1298 778 et
1324 741 1409 778 Mu-

57 813 192 838 renam
236 800 332 849 fuit,
380 802 426 838 ut
470 813 558 838 oum
601 800 781 849 spoliatis
824 800 928 837 bello
972 800 1082 837 ciuili
1125 801 1409 849 patrimonium
1438 809 1483 840 10

58 871 174 897 suum
207 872 253 897 ex
284 861 439 910 integro
472 859 683 908 diuideret,
725 859 832 908 quod
863 872 953 897 eum
986 860 1039 897 eis
1071 861 1152 897 iam
1185 861 1276 897 ante
1308 859 1407 896 diui-

58 920 163 957 serat
195 913 344 971 (AFV
359 931 459 957 cons.
478 919 618 966 Porph.

177 973 221 1017 6.
254 990 369 1015 ANIMI
397 974 591 1029 PATERNI]
624 977 700 1022 Qui
725 980 934 1027 paternum
960 978 1150 1016 fratribus
1176 978 1410 1027 inpenderat

55 1049 224 1075 amorem
260 1033 455 1090 (AFEV

179 1092 220 1136 7.
274 1109 399 1135 ILLVM
437 1093 565 1148 AGET]
627 1096 735 1134 Idest
773 1096 888 1134 duoet
924 1109 994 1146 per
1031 1097 1194 1134 notitias
1233 1097 1408 1134 omnium
1437 1106 1482 1136 15

57 1150 216 1208 (AFV

177 1210 220 1254 S.
253 1228 365 1253 FAMA
398 1211 644 1266 SVPERsTEs]
680 1214 791 1260 Quod
822 1215 917 1253 boni
947 1215 1045 1253 faeti
1075 1215 1183 1253 fama
1214 1217 1409 1265 perpetua

56 1276 109 1312 sit
151 1287 222 1313 neo
265 1277 389 1324 pinna
433 1276 532 1323 eius,
575 1275 648 1312 hoo
687 1276 746 1312 est
781 1275 960 1323 uolatus,
1004 1274 1053 1311 ad
1090 1276 1267 1324 posteros
1307 1275 1409 1313 solui

55 1335 190 1382 possit.
254 1334 400 1372 Volare
444 1335 549 1371 enim
593 1334 741 1372 famam
785 1335 905 1372 etiam
942 1334 1146 1384 Vergilius
1189 1336 1320 1384 ponit,
1363 1336 1408 1372 ut

57 1388 175 1445 (Aen.
199 1393 260 1430 ΠΙ
288 1389 411 1446 121):
1434 1402 1481 1433 ‘20

234 1477 357 1515 Fama
387 1477 499 1515 uolat
529 1477 687 1526 pulsum
718 1477 849 1527 regnis
882 1478 1040 1515 cessisse
1072 1478 1248 1526 paternis

56 1554 115 1612 (A
129 1561 167 1596 Γ
174 1575 198 1596 α
213 1560 254 1596 Ε
272 1560 309 1598 V

175 1613 219 1658 9.
252 1631 398 1658 LATivs
429 1631 588 1657 REGNES
614 1631 652 1657 A.
679 1615 738 1671 D.]
769 1619 922 1668 Latius,
954 1621 1097 1669 inquit,
1127 1631 1268 1670 regnas
1296 1621 1404 1668 eupi-

55 1678 221 1716 ditatem
259 1679 471 1728 uincendo,
509 1692 627 1728 quam
665 1680 699 1717 si
729 1692 799 1729 per
830 1680 1059 1717 uniuersum
1092 1679 1224 1716 orbem
1255 1691 1405 1728 posses-

56 1739 182 1775 siones
227 1738 412 1777 extendas
454 1733 521 1791 (cf.
540 1733 710 1791 Porph.)
773 1737 901 1776 Gades
946 1740 1077 1776 autem
1121 1737 1310 1787 oppidum
1348 1740 1406 1776 est
1432 1746 1479 1776 25

54 1798 96 1833 in
133 1797 329 1846 Hispania
367 1811 390 1836 a
427 1797 568 1838 Poenis
612 1798 814 1836 conditum
859 1792 921 1850 (ex
952 1792 1121 1850 Por-ph.)
1184 1797 1269 1834 Aut
1313 1799 1406 1846 quia

54 1857 96 1893 in
145 1859 258 1906 parte
300 1857 460 1895 Africae
503 1858 681 1907 ponitur,
732 1857 927 1907 quidquid
970 1857 1070 1894 freto
1116 1858 1187 1894 aut
1231 1855 1404 1895 Gadibus

55 1918 274 1965 separa-tur,
305 1916 393 1954 ideo
424 1919 636 1966 utrumque
662 1917 836 1954 Poenum
869 1916 970 1953 dixit
1001 1917 1096 1954 locis
1123 1916 1308 1964 diuisum,
1340 1917 1404 1954 uel

54 1976 158 2012 certe
191 1977 285 2024 quia
318 1974 514 2026 Carthago
548 1978 586 2014 et
616 1977 657 2013 in
683 1976 879 2025 Hispania
911 1977 981 2024 est⁷
1013 1989 1131 2024 quam
1158 1975 1404 2025 Spartariam

54 2036 198 2072 uocant
230 2031 407 2087 (APaV
1431 2042 1476 2073 30

175 2163 192 2193 1
221 2159 306 2194 sall:
333 2160 384 2206 A]
412 2159 483 2194 sal:
513 2161 618 2196 FocV
725 2163 744 2193 9
772 2159 976 2204 scipionem
1001 2160 1110 2195 etiam
1136 2160 1285 2206 Porph]
1314 2159 1403 2194 Cae-

54 2205 204 2250 pionem
229 2209 362 2243 emend.
387 2208 590 2243 Forcellini
705 2211 747 2242 13
774 2207 994 2251 inpenderet
1013 2208 1053 2242 E
1076 2208 1309 2252 impenderet
1328 2209 1409 2243 AV

54 2253 276 2298 inpenderat
302 2257 336 2289 Γ
478 2259 520 2289 18
550 2255 666 2300 pinna
691 2255 854 2300 AyaE]
881 2265 1004 2299 penna
1029 2257 1092 2291 rV
1232 2258 1273 2289 19
1299 2255 1400 2299 uix-g:

53 2300 154 2381 {odd
230 2306 284 2384 137
301 2302 484 2347 quidquid
499 2303 549 2348 A]
568 2302 746 2347 quicquid
761 2307 835 2337 cett.
924 2306 966 2337 28
981 2313 1118 2349 penum
1132 2303 1168 2337 A
1254 2305 1296 2336 29
1325 2313 1403 2337 car-

73 2358 142 2392 ago
169 2362 220 2393 γα
