1664 2563
111 922 154 952 10

110 1242 152 1272 15

108 1574 152 1604 20

181 90 236 131 38
624 89 875 125 EXPOSITIO
901 89 953 124 IN
978 89 1089 125 HOR.

730 272 885 310 GARM.
912 273 932 310 Ι
959 274 981 311 6

542 377 616 432 [AD
649 392 818 418 MARCVM
850 392 1059 418 AGRIPPAM
1093 375 1164 433 (A]

299 488 467 512 METRVM
517 486 660 513 TRIBVS
710 486 905 512 vmzsmvs
957 487 1287 523 ASCLEPIADEVM,
1343 486 1528 517 QVARTVS

182 546 396 573 Gneomvs
432 530 546 587 (Arv
566 546 666 572 cons.
682 546 768 582 occp

303 601 344 644 1.
379 617 586 643 SCRIBERIS
613 618 736 643 VARIO
762 617 907 643 FORTIS
935 618 985 642 ET
1011 617 1191 643 HOSTIVM
1217 601 1386 656 VICTOR]
1419 605 1528 643 Dicit

179 665 398 715 Agrippae:
437 666 597 703 nauales
631 677 698 703 seu
728 667 932 703 terrestres
965 665 1152 703 uictoriae
1184 667 1276 703 tuae
1309 664 1528 702 scribentur

181 738 203 762 a
234 724 356 762 Vario
394 725 567 775 perfecto
607 726 779 772 oratore3
819 727 989 762 ceterum
1026 724 1228 775 ingenium
1268 736 1382 762 suum
1411 725 1529 773 inpar

179 786 394 822 metrorum
425 784 518 822 ludo
551 784 728 822 deditum
758 784 894 822 laudes
923 783 1084 821 bellicas
1111 796 1248 821 canere
1276 778 1526 836 (AF'(rocv)

180 855 279 881 coms.
300 855 318 880 c
331 857 355 891 2)

301 910 343 953 2.
376 927 519 952 MEONII
559 926 749 951 CARMINIS
788 910 927 965 ALITE]
978 914 1157 963 Homeri,
1196 915 1265 963 qui
1296 913 1342 951 de
1373 914 1530 952 Meonia

180 974 257 1012 fuit
289 971 401 1023 (AF'
417 968 537 1026 (rav)
559 986 658 1012 cons.
679 986 735 1022 cp

298 1030 437 1084 ALITE]
482 1033 670 1082 Auspicio
703 1034 785 1071 siue
816 1033 919 1071 bono
953 1034 1081 1070 omine
1115 1027 1393 1085 (AF'(⁴rocov)
1413 1044 1468 1080 cp

300 1100 343 1143 3.
375 1101 530 1155 ΈΕΒΟΧ]
586 1105 716 1142 Fortis
751 1098 998 1157 (Asso-ov)

299 1171 342 1215 5.
376 1175 510 1214 ssOrdo
537 1177 628 1214 talis
656 1178 730 1214 est:
758 1188 1044 1225 quamcumque
1069 1188 1152 1213 rem
1177 1175 1286 1213 ferox
1310 1175 1422 1212 miles
1443 1187 1529 1225 ges-

180 1237 274 1274 serit
304 1238 342 1273 te
371 1236 466 1273 duce
492 1236 659 1273 nauibus
687 1236 755 1273 aut
781 1237 901 1284 equis,
934 1247 1003 1273 nos
1029 1237 1164 1272 tenues
1190 1247 1315 1283 neque
1342 1246 1529 1272 conamur

180 1295 307 1333 dicere
344 1296 441 1333 haec
479 1307 549 1333 nec
582 1307 768 1332 conamur
800 1295 926 1332 dicere
959 1307 1119 1344 grauem
1151 1294 1395 1332 stomachum
1426 1293 1527 1331 Peh-

180 1354 252 1392 dae
285 1349 354 1407 (F'
370 1349 489 1407 (rav)
512 1366 611 1391 cons.
632 1366 687 1402 ep

299 1420 343 1464 6.
365 1438 542 1462 PELIDAE
563 1437 813 1463 STOMACHYM
835 1436 995 1462 CEDERE
1015 1420 1167 1475 meson]
1194 1424 1350 1473 Inuicti,
1376 1424 1529 1472 ferocis,

179 1487 224 1522 ut
258 1479 392 1537 (Vera.
419 1484 516 1522 Am.
544 1485 621 1521 XII
642 1486 737 1522 527.
767 1480 888 1536 528):

747 1567 1000 1615 Rumpuntur
1031 1567 1161 1604 nescia
1192 1567 1298 1603 uinci

392 1626 556 1665 Pectora
590 1621 712 1679 (ΑΗ)
733 1638 831 1663 cons.
847 1638 864 1663 c

301 1716 342 1759 7.
393 1733 470 1758 Nnc
518 1733 666 1759 ovesvs
711 1732 909 1758 DVPLICES
954 1733 1032 1757 PER
1075 1732 1186 1757 MARE
1225 1715 1382 1770 vmxm]
1444 1719 1527 1756 Aut

179 1782 339 1828 propter
371 1793 518 1818 errores
551 1781 711 1828 dictum,
744 1782 812 1817 aut
844 1781 936 1828 quia
968 1780 1092 1817 fertur
1124 1779 1292 1827 dolosus,
1325 1781 1394 1817 aut
1422 1780 1524 1816 certe

180 1839 355 1887 duplices
387 1842 548 1888 propter
579 1839 724 1890 uiginti
757 1851 895 1886 ann083
928 1852 1020 1876 nam
1052 1839 1145 1875 dum
1172 1839 1240 1876 alii
1266 1838 1381 1876 duces
1408 1839 1525 1886 capta

180 1898 298 1935 Troia
336 1901 425 1947 post
463 1899 595 1936 decem
633 1911 754 1936 annos
792 1899 939 1936 reuersi
977 1899 1086 1942 sunt,
1125 1897 1259 1935 Vlixes
1298 1897 1403 1935 solus
1434 1898 1525 1946 post

179 1958 323 2007 uiginti
373 1970 494 1995 annos
546 1958 594 1995 ad
643 1959 816 2006 patriam
860 1957 1004 1994 dicitur
1052 1969 1229 1995 reuersus
1275 1951 1388 2008 (AP'
1404 1950 1522 2008 (ναν)

179 2028 278 2053 cons.
299 2028 355 2063 op

298 2155 317 2185 6
343 2151 499 2185 uictorie
525 2153 560 2186 A
668 2156 685 2185 7
712 2153 821 2197 inpar
847 2153 881 2198 v]
909 2152 1030 2196 impar
1055 2155 1129 2186 cett.
1236 2154 1278 2185 10
1303 2150 1446 2185 homeri
1471 2150 1521 2195 A]

180 2198 283 2243 quali
308 2210 396 2233 usus
422 2199 593 2233 homems
620 2199 757 2233 dicitur
781 2212 800 2235 r
835 2199 937 2244 quali
963 2198 1084 2233 omine
1109 2210 1197 2232 usus
1225 2198 1280 2232 est
1305 2197 1476 2232 homerus
1503 2211 1522 2232 ο

180 2246 283 2290 quali
302 2258 389 2280 usus
411 2248 466 2280 est
486 2246 656 2280 homerus
678 2260 729 2281 ccv
750 2259 843 2282 cons.
865 2258 913 2290 cp
1003 2250 1045 2279 12
1066 2245 1214 2279 homine
1234 2246 1270 2280 A
1356 2248 1400 2278 14
1419 2244 1521 2290 talis]

180 2306 244 2329 om.
260 2306 311 2329 roc
361 2294 430 2339 est]
454 2305 518 2328 om.
535 2306 579 2328 rc
676 2298 718 2328 22
740 2296 804 2328 aut
823 2296 974 2338 propter
994 2314 1038 2318 *-
1059 2292 1221 2338 dolosus]
1238 2293 1474 2337 eons.Porph.

180 2344 224 2375 24
246 2341 350 2387 dum]
377 2352 460 2375 cum
486 2355 507 2376 ν
527 2352 592 2376 om.
614 2355 637 2374 α
