1664 2563
423 90 583 126 SCHOL.
607 92 687 126 PV
706 91 759 125 IN
784 91 895 126 HOR.
941 91 1078 127 EPOD.
1097 96 1139 127 15
1367 93 1451 135 431

224 197 299 242 13.
326 203 477 241 Potiori
504 197 607 255 07)]
651 203 760 241 Idest
785 205 854 252 qui
878 204 954 241 tibi
979 205 1111 253 potior
1135 204 1306 253 uidetur,
1332 218 1454 254 quam

102 274 191 312 ego3
237 264 410 300 ceterum
447 262 610 300 Flaccus
648 263 817 300 riualem
856 274 971 300 suum
1009 275 1225 313 numquam
1263 265 1339 302 sibi
1375 264 1453 313 ipsi

99 321 333 370 praeferret,
383 323 429 358 ut
480 320 577 359 alibi
627 315 761 373 (carm.
796 321 816 358 I
851 323 922 370 13,
960 323 995 359 2.
1037 317 1080 375 3)
1132 335 1243 361 cerea
1290 323 1453 362 brachia

102 380 267 429 Telephi
299 382 338 418 et
362 392 516 418 roseam
542 381 733 418 ceruicem
759 380 861 418 dixit
886 393 930 418 ex
957 382 1089 420 animo
1114 383 1331 420 meretricis
1353 377 1457 435 (FV

222 433 297 478 15.
354 435 592 489 *<Offensae
625 436 824 490 formae>]
887 440 962 477 Pro
994 453 1057 489 ea,
1100 453 1201 490 quae
1235 441 1452 490 offenderit,
1501 450 1522 480 5

99 498 247 536 dictum
279 499 499 547 passiuum,
530 499 736 536 intellectu
768 500 943 536 actiuum
975 502 1050 549 est,
1083 500 1186 538 idest
1217 501 1251 538 si
1283 500 1450 538 offensus

97 557 219 606 fuero,
252 569 331 594 non
363 557 498 595 cedam
530 560 621 595 tuae
654 559 814 606 formae,
847 558 950 596 idest
981 571 1060 596 non
1094 559 1170 596 tibi
1202 561 1372 598 seruiam
1398 558 1456 612 <F

218 615 451 655 Constantia
496 618 682 655 amatoris
725 617 829 655 cedit
866 618 1014 656 formae
1052 619 1247 666 mulieris,
1292 619 1449 668 quando

96 676 224 713 laesus
268 688 347 713 non
391 675 510 713 audet
554 676 771 714 abscedere.
840 676 925 714 Hoc
969 679 1044 726 est,
1090 677 1195 726 quod
1235 677 1348 715 dicit:
1396 674 1450 716 ‘si

97 734 264 773 offensus
303 736 432 783 fuero,
476 747 554 773 non
593 735 728 773 cedam
766 736 915 774 formae
953 733 1078 785 tuae',
1117 737 1220 774 idest
1258 749 1336 775 non
1373 737 1447 775 tibi
1476 746 1521 777 10

96 795 278 842 seruiam,
309 806 388 832 non
419 794 677 843 perseuerabo
709 795 899 832 iniuriam
930 807 1068 844 passus
1102 790 1159 847 (Γ
1169 796 1205 834 V

214 853 360 890 Aliter:
405 853 532 902 cedet,
570 853 674 902 quod
712 854 812 892 solet
851 853 988 892 cadere
1020 855 1061 891 in
1094 856 1281 892 amantes.
1344 855 1449 892 Nam

94 914 186 961 post
216 912 329 949 litem
361 913 400 950 et
430 913 677 951 iracundiam
709 913 837 951 solent
869 915 1020 951 amatos
1053 913 1180 952 denuo
1213 915 1446 963 supplicare.

93 971 167 1009 Est
205 972 337 1009 autem
375 983 528 1009 sensus:
573 984 651 1009 non
690 971 800 1010 cedet
838 974 1063 1010 constantia
1099 973 1266 1021 formae,
1309 986 1331 1011 a
1369 986 1448 1023 qua

96 1031 214 1068 semel
253 1030 400 1069 offensa
438 1032 514 1078 est,
557 1031 630 1068 hoc
663 1033 737 1069 est:
782 1043 859 1068 non
892 1032 1073 1069 uincetur
1104 1034 1329 1070 constantia
1359 1045 1447 1071 mea
1475 1040 1518 1071 15

93 1090 164 1127 tua
207 1089 352 1138 forma,
396 1091 604 1138 quominus
650 1103 736 1128 eam
778 1091 1032 1140 contempnat
1070 1103 1114 1128 ac
1151 1092 1369 1140 relinquat,
1413 1093 1447 1130 si

93 1148 408 1199 indignationem
441 1150 548 1186 certa
578 1151 709 1186 mente
741 1161 953 1199 concepero
986 1145 1091 1202 (ΓῘ7
1110 1151 1196 1188 sim.
1222 1151 1362 1198 Porph.

214 1203 291 1246 20.
325 1208 493 1256 Tibique
526 1202 628 1260 (V)]
686 1207 846 1246 Scilicet
878 1222 1028 1246 aurum.
1090 1209 1199 1247 Idest
1231 1211 1270 1247 et
1300 1210 1445 1248 habeas

94 1268 227 1304 tantas
261 1267 436 1315 diuitias,
472 1269 517 1304 ut
548 1267 623 1304 tibi
654 1267 838 1305 uideatur
862 1267 1047 1306 Pactolus
1079 1268 1209 1306 fluere.
1261 1268 1444 1307 Pactolus

94 1326 226 1363 autem
263 1325 407 1364 fluuius
446 1328 506 1363 est
536 1325 704 1375 Lydiae,
749 1328 818 1375 qui
854 1327 1020 1364 harenas
1061 1339 1199 1365 aureas
1238 1328 1363 1365 trahit
1400 1330 1444 1366 ut
1470 1337 1517 1368 20

91 1384 273 1422 Hermus.
335 1384 391 1422 Vt
421 1384 522 1422 illud
554 1379 726 1437 (Lucem.
752 1385 813 1422 ΙΠ
841 1380 962 1438 210);

270 1466 472 1516 Pactolus,
505 1480 583 1516 qua
615 1468 722 1506 culta
754 1470 870 1516 secat,
902 1481 980 1507 non
1013 1469 1132 1506 uilior
1162 1469 1309 1507 Hermo
1344 1464 1401 1523 (F
1412 1470 1444 1508 V

212 1556 287 1600 21.
345 1562 489 1600 Renati
528 1556 629 1614 07)]
693 1562 801 1600 Idest
844 1565 1026 1612 quamuis
1070 1563 1327 1613 philosophus
1372 1566 1442 1612 sis3

90 1620 168 1657 fuit
194 1622 298 1658 enim
325 1622 428 1659 altae
455 1620 706 1670 difficilisque
733 1622 944 1660 doctrinae.
999 1623 1143 1660 Renati
1171 1624 1314 1671 autem,
1339 1623 1443 1661 idest

90 1678 217 1717 denuo
244 1681 340 1728 nati,
367 1682 461 1729 quia
487 1680 632 1718 dicitur
653 1682 785 1719 anima
804 1681 1026 1732 Pytagorae
1045 1683 1218 1730 primum
1237 1681 1443 1731 Euphorbi
1468 1691 1513 1722 25

91 1738 254 1776 Troiani
285 1739 418 1787 fuisse,
449 1742 539 1788 post
564 1740 738 1788 Homeri,
771 1742 810 1777 et
840 1743 931 1789 post
963 1741 1012 1778 ad
1043 1743 1175 1790 ipsum
1200 1740 1442 1791 Pytagoram

89 1798 289 1846 transisse,
322 1798 460 1836 deinde
493 1798 542 1836 ad
573 1811 768 1848 pauonem
801 1794 930 1851 (FfV

211 1851 286 1895 23.
337 1853 534 1908 ss<Alio>]
590 1857 637 1894 In
670 1858 793 1895 alium
825 1853 883 1909 (Γ

185 1985 201 2014 1
230 1980 329 2014 idest
347 1981 399 2026 Γ]
426 1982 539 2016 0=m.V
630 1985 650 2014 4
676 1981 777 2016 telefi
797 1984 831 2015 Γ
927 1985 969 2015 10
990 1982 1088 2017 idest
1107 1983 1184 2029 Pp]
1206 1983 1275 2017 hoc
1297 1984 1396 2018 estV

91 2030 132 2060 12
146 2028 195 2060 At
207 2028 251 2072 V]
272 2039 337 2062 om.
349 2030 382 2061 Γ
475 2028 513 2062 in
530 2029 579 2074 Γ]
595 2029 736 2064 interV
829 2032 870 2062 18
887 2030 924 2063 et
937 2030 988 2074 Γ]
1004 2041 1069 2065 om.
1082 2031 1117 2065 V
1209 2033 1251 2064 19
1266 2030 1438 2075 pactolus

90 2076 216 2108 autem
228 2096 272 2099 —
287 2074 429 2121 lydiae]
450 2074 587 2109 flumen
606 2075 696 2122 libie
708 2077 742 2111 V
834 2080 875 2110 21
892 2076 986 2110 illud
1002 2077 1052 2122 Γ]
1067 2088 1134 2112 om.
1146 2078 1180 2113 V
1273 2081 1316 2112 25
1329 2079 1438 2122 pyta-

89 2132 176 2166 gore
202 2123 265 2157 rV
290 2122 461 2168 pitagore
489 2136 508 2167 y
540 2122 748 2167 phytagore
772 2124 795 2166 f
935 2124 1131 2168 euphorbii
1157 2137 1176 2159 ν
1209 2125 1353 2159 euforbi
1379 2126 1445 2169 yV

88 2168 248 2203 euforbii
273 2170 296 2211 f
389 2173 431 2203 26
458 2170 679 2214 pytagoram
704 2170 739 2215 r]
765 2169 978 2215 pitagoram
1004 2173 1069 2216 yV
1087 2172 1337 2217 phytagoram
1362 2172 1385 2214 f
