1664 2563
597 115 740 150 CARM.
761 116 795 150 H
818 119 833 150 1
1308 115 1390 156 141

164 223 241 342 3)2.
273 239 499 265 HESPERIAE
534 239 709 266 SONITVM
741 224 909 279 RVINAEK]
953 228 1009 265 Vt
1041 230 1099 265 est
1132 222 1267 280 (γῆς).
1294 226 1393 266 Aen.

45 288 63 326 I
90 289 175 326 460
204 302 212 325 :

222 345 328 391 Quae
360 347 468 397 regio
500 347 541 384 in
566 348 681 384 terris
708 348 834 384 nostri
860 359 938 384 non
957 347 1075 396 plena
1094 346 1268 384 laboris?
1296 340 1399 398 (ΑΓ

164 436 240 480 33.
274 454 343 551 ‹223ss
375 437 553 492 evssens]
587 440 793 492 Gurgitem
818 454 889 491 pro
916 442 1015 479 mari
1042 441 1153 490 dixit,
1184 442 1230 479 ut
1256 436 1392 493 (Very.

42 500 140 540 Aen.
166 501 186 538 Ι
218 502 298 539 118
329 515 337 538 :
1442 508 1463 538 5

220 584 426 634 Apparent
455 585 537 622 rari
568 585 706 621 nantes
739 584 779 620 in
812 585 967 634 gurgite
998 586 1113 622 uasto
1146 578 1250 636 (ΑΓ
1260 584 1296 622 V

163 673 238 718 34.
273 690 382 721 QVOD
408 691 518 716 MARE
546 675 744 729 DAVNIAE]
788 679 967 716 Dauniae
993 678 1164 728 Apuliae
1191 692 1212 715 a
1238 678 1391 725 Dauno,

43 738 110 776 sed
142 751 212 788 per
237 737 425 788 Apuliam
451 739 576 775 omnis
603 738 722 775 Italia
749 738 975 787 accipienda
1001 740 1060 776 est
1087 732 1392 790 (coozs.P0rph.),

42 798 83 835 in
116 810 193 847 qua
225 799 384 848 sanguis
415 797 525 835 fusus
555 799 615 835 est
639 797 917 845 Romanorum,
948 798 1012 835 uel
1039 798 1132 846 quia
1157 811 1227 847 per
1251 797 1392 834 Adria-

42 859 165 895 ticum
205 870 312 895 mare
345 857 391 894 de
423 857 633 894 Brundisio
668 855 811 894 Caesar
841 858 1038 906 profectus
1072 859 1130 894 est
1161 857 1391 906 Pompeium
1420 864 1463 894 10

43 929 220 966 sequens,
250 918 296 953 ut
327 915 508 954 Lucanus
541 911 597 968 (V
624 917 676 954 37
683 910 745 968 4):

220 999 475 1037 Brundisium
507 999 680 1037 decumis
712 999 822 1037 iubet
852 999 953 1036 hanc
986 1000 1180 1049 attingere
1212 999 1350 1036 castris

45 1089 101 1146 (A
115 1094 240 1192 ΓΞῙόῘ.
260 1153 544 1191 Decolorauere
566 1147 582 1205 (
594 1148 662 1205 V)]
689 1153 723 1190 A
744 1154 903 1203 proprio
924 1154 1050 1191 colore
1071 1155 1274 1191 mutauere
1296 1148 1351 1205 (F
1361 1153 1397 1191 V

160 1224 242 1251 NON
272 1224 599 1251 DECOLORAVERE
634 1209 866 1263 C<A>EDES]
898 1212 954 1250 Vt
978 1212 1159 1250 Lucanus
1187 1211 1245 1266 <H
1268 1207 1389 1265 713):
1419 1221 1461 1250 15

222 1296 324 1333 Tum
354 1296 526 1346 primum
557 1296 692 1333 rubuit
724 1296 835 1333 ciuili
861 1297 1050 1346 sanguine
1077 1296 1227 1334 Nereus
1249 1290 1352 1349 (ΑΓ
1362 1296 1398 1335 V

162 1386 240 1430 36.
274 1403 380 1433 QVAE
408 1402 539 1428 CARET
566 1387 665 1442 ORA]
701 1390 796 1428 Pars
816 1391 988 1440 regionis
1011 1392 1079 1428 aut
1098 1392 1225 1428 terrae
1248 1385 1398 1443 (AFV

164 1445 241 1489 37.
276 1462 351 1487 SED
371 1462 423 1487 NE
444 1461 629 1487 RELICTIS
650 1462 758 1487 MVSA
778 1462 866 1487 PRO.
888 1446 932 1500 1.]
965 1450 1072 1488 Idest
1091 1463 1150 1498 ne,
1171 1463 1259 1487 cum
1278 1451 1391 1488 lirico

43 1511 208 1548 carmini
247 1511 418 1559 aptiores
455 1509 532 1547 ioci
564 1511 659 1558 sint,
698 1510 861 1559 inprobe
893 1509 1015 1547 faciat
1046 1509 1192 1558 Musa,-
1214 1510 1249 1547 si
1278 1510 1391 1560 lugu-

43 1570 130 1608 bria
160 1570 324 1607 misceat
356 1563 460 1621 (ΑΓ
470 1569 506 1607 V
1419 1576 1463 1607 20

162 1628 266 1666 Ordo
298 1630 374 1666 est:
412 1628 480 1666 sed
511 1630 572 1677 tn,
604 1628 717 1666 Musa
748 1641 910 1678 procax,
942 1641 989 1665 ne
1020 1628 1172 1665 relictis
1203 1629 1299 1666 iocis
1330 1641 1390 1665 re-

42 1690 188 1726 tractes
225 1700 388 1725 munera
425 1689 563 1726 neniae
604 1687 720 1725 Ceae:
766 1701 908 1737 quaere
946 1700 1098 1725 mecum
1137 1687 1206 1724 sub
1238 1687 1389 1725 Dioneo

43 1749 157 1786 antro
189 1747 324 1785 modos
355 1748 503 1785 leuiore
533 1748 683 1796 plectro
716 1741 845 1799 (FaV

161 1802 342 1857 PROCAX]
398 1806 585 1844 Petulans
618 1801 721 1859 (ΑΓ
735 1807 881 1844 cons.V

164 1860 240 1904 38.
274 1877 456 1904 TRACTES
488 1878 653 1904 MVNERA
684 1862 852 1916 NENIAE]
890 1865 1017 1903 Nenia
1044 1877 1200 1902 carmen
1226 1865 1391 1915 lugubre
1418 1873 1461 1903 25

43 1925 149 1974 quod
198 1926 363 1963 mortuis
408 1925 628 1973 dicebatur,
678 1925 782 1975 quod
826 1937 928 1962 nunc
973 1923 1118 1962 Graece
1163 1925 1392 1974 epitaphion

44 1985 281 2034 appellatur,
313 1985 417 2033 quod
444 1984 675 2032 Simonides,
708 1983 877 2022 Graecus
909 1986 1026 2034 poeta
1051 1984 1209 2033 lyricus,
1241 1985 1391 2033 primus

164 2113 184 2143 8
211 2110 267 2144 set
293 2123 312 2154 γ
412 2113 453 2143 12
481 2109 645 2144 decumis
672 2109 722 2155 A]
750 2108 903 2142 decimis
923 2113 997 2144 cett.
1098 2113 1140 2143 15
1160 2109 1217 2155 ut]
1239 2110 1351 2144 omeV

48 2159 90 2190 19
117 2156 190 2190 ioci
226 2156 301 2191 sint
326 2156 402 2202 Ar]
437 2156 512 2191 sint
543 2157 616 2191 ioci
643 2158 721 2202 ch
759 2158 844 2190 sunt
875 2156 948 2190 ioci
969 2168 997 2201 p
1094 2156 1263 2201 improbe
1287 2158 1351 2192 rV

47 2207 89 2238 21
118 2204 205 2239 ordo
227 2205 299 2250 est]
320 2215 386 2239 om.
399 2205 433 2239 V
523 2205 593 2250 est]
616 2216 681 2240 om.
702 2216 721 2240 r
819 2205 875 2238 set
894 2218 915 2248 y
1012 2215 1149 2249 procax
1168 2204 1267 2238 idest
1286 2205 1392 2248 petu-

46 2273 172 2310 lansV
240 2279 283 2309 23
297 2262 402 2309 {fidos
423 2289 443 2320 y
464 2286 563 2310 omoc
649 2279 692 2309 25
719 2275 875 2321 lugubre
895 2276 930 2309 A
1011 2279 1053 2309 26
1081 2275 1301 2320 epitaphion
1325 2275 1391 2320 να]

47 2321 282 2366 epitaphium
308 2333 325 2357 c
356 2323 535 2367 epitafion
559 2323 668 2367 AyV
688 2319 886 2367 ἐπιταφίου
908 2334 936 2367 p
1034 2327 1076 2357 27
1104 2323 1290 2367 apellatur
1309 2323 1344 2356 A

47 2367 183 2412 lyricus
218 2370 286 2415 Vp]
312 2369 439 2404 liricus
465 2371 561 2414 Aya
582 2381 647 2405 om.
666 2381 685 2404 r
