1664 2563
158 496 178 527 5

137 789 180 820 10

139 1084 182 1114 15

141 1378 186 1408 20

199 82 287 123 404
643 79 894 114 EXPOSITIO
920 79 972 113 [N
997 79 1108 115 HOR.

324 187 400 231 12.
449 203 611 229 PARATA
643 203 775 229 rronno
809 188 989 242 CORNVA]
1050 192 1106 229 Vt
1138 185 1274 244 (Very.
1300 191 1364 230 ecl.
1391 192 1428 239 9,
1457 186 1550 243 25):

417 274 549 312 Cornu
581 275 674 311 ferit
704 274 784 323 ille,
815 276 952 312 caueto
987 269 1090 326 (AV

325 365 401 408 13.
435 379 580 411 QVAms
611 379 820 405 LICAMBAE
852 364 1047 419 sPRETvs]
1104 368 1252 406 Datiuo
1279 379 1372 406 casu
1397 367 1550 406 Licam-

203 429 275 467 bae
313 429 447 477 posuit
485 423 552 480 (ef.
577 422 755 479 Porph.),
793 428 902 464 cuius
934 427 1030 465 haec
1061 427 1197 465 fabula
1228 429 1303 464 est:
1347 426 1551 464 Licambes

204 488 346 525 habuit
375 487 500 524 filiam
531 486 759 524 Neobulem.
822 486 935 523 Hanc
966 498 1055 523 cum
1079 485 1309 523 Archilocus
1341 486 1382 522 in
1413 486 1552 523 matri-

204 547 381 584 monium
412 546 665 595 postulasset,
696 547 890 594 promissa
921 557 990 582 nec
1022 545 1117 583 data
1143 546 1203 582 est
1227 557 1250 582 a
1275 546 1398 593 patre.
1448 544 1553 582 Hinc

206 606 333 643 iratus
383 604 614 642 Archilocus
664 605 705 641 in
755 617 844 641 eum
892 604 1129 641 maledicum
1178 615 1334 641 carmen
1384 603 1554 653 scripsit,

207 676 283 713 quo
327 666 439 701 tanto
485 665 544 701 est
586 663 719 701 dolore
764 663 1009 712 compulsus,
1059 665 1106 700 ut
1151 674 1240 700 cum
1282 662 1367 700 filia
1410 663 1552 711 laqueo

206 724 332 761 uitam
363 722 495 760 finiret
526 717 631 774 (AV

325 781 568 830 ssLycambes
610 780 734 817 filiam
771 792 882 818 suam
913 780 1096 829 promisit
1127 779 1336 818 Archiloco
1369 779 1553 817 daturum

202 852 384 890 uxorem,
428 840 534 889 quod
577 842 714 889 postea
758 839 977 890 denegauit.
1048 838 1133 883 Qua
1177 839 1223 877 de
1267 851 1386 876 causa
1428 840 1553 876 iratus

207 899 438 937 Archilocus
483 899 657 936 carmina
702 899 860 947 scripsit
902 898 943 935 in
980 897 1204 946 Lycamben
1242 900 1281 935 et
1318 898 1402 936 eius
1440 897 1554 945 filiaS,

208 959 266 996 ita
301 961 349 995 ut
386 971 432 995 ex
469 958 602 996 dolore
634 958 854 995 carminum
886 958 968 994 eius
1000 956 1104 994 filiae
1136 958 1277 1005 laqueo
1310 957 1438 994 uitam
1468 956 1553 993 fini-

208 1019 296 1055 rent
328 1012 385 1068 (F
404 1018 489 1054 sim.
511 1017 531 1054 b

332 1070 407 1113 14.
462 1088 542 1113 AVT
580 1086 687 1111 ACER
724 1087 762 1111 H.
790 1070 844 1125 Β]
906 1074 1196 1123 Hipponactem
1235 1073 1446 1124 significat,
1488 1075 1557 1122 qui

210 1135 355 1183 Bupali
386 1134 509 1171 filiam
535 1135 702 1182 nuptum
726 1134 845 1182 petiit
871 1135 910 1170 et
934 1146 1005 1182 pro
1031 1133 1281 1171 deformitate
1307 1134 1556 1182 contemptus

211 1196 278 1231 est.
338 1192 444 1229 Illud
476 1195 607 1230 tamen
640 1193 772 1230 uerius
804 1193 946 1230 uolunt
970 1192 1109 1230 fuisse:
1141 1192 1340 1241 Bupalum
1365 1192 1557 1240 pictorem

211 1252 333 1290 fuisse
354 1251 461 1300 apud
479 1251 770 1289 Laudiomenas
792 1246 1017 1303 (scripserat
1033 1245 1436 1302 fort.Cladiomenas),
1462 1251 1557 1287 ciui-

211 1313 335 1349 tatem
354 1311 484 1348 Asiae.
534 1310 610 1348 Hic
629 1309 918 1359 Hipponactem
945 1310 1140 1358 quendam
1166 1312 1324 1359 poetam
1344 1309 1558 1346 deformem

212 1382 282 1419 pro
314 1370 397 1407 risu
427 1370 594 1419 pincxit3
632 1382 710 1417 quo
743 1368 807 1406 ille
841 1369 972 1406 furore
1003 1370 1219 1406 commotus
1251 1368 1325 1405 tali
1356 1381 1444 1405 eum
1475 1380 1558 1405 car-

212 1430 317 1466 mine
342 1428 524 1477 perculit,
549 1430 596 1465 ut
621 1439 660 1465 se
686 1428 829 1476 laqueo
849 1427 1111 1477 suspenderet.
1161 1427 1274 1465 Vnde
1294 1439 1398 1464 nunc
1418 1427 1558 1464 similis

214 1487 397 1524 carminis
429 1488 511 1523 uim
542 1486 734 1524 maledico
765 1487 940 1523 minatur
970 1486 1160 1524 Horatius
1194 1481 1297 1538 (AV

332 1545 539 1595 ssIpponax
589 1545 756 1592 scilicet,
801 1546 870 1593 qui
918 1547 1035 1594 poeta
1085 1547 1169 1582 erat
1218 1544 1559 1593 eloquentissimus

215 1604 330 1642 foeda
362 1607 401 1642 et
431 1605 577 1642 uitiosa
608 1605 719 1641 facie.
780 1604 895 1641 Hunc
927 1604 1104 1652 Bupalus
1135 1603 1263 1652 pictor
1294 1604 1335 1640 in
1366 1602 1558 1640 Panathe-

170 1672 185 1701 ε
216 1664 324 1700 naeis
362 1664 512 1711 pictum
549 1663 772 1712 proposuit,
814 1664 860 1699 ut
896 1664 1015 1699 risum
1056 1664 1231 1700 moueret
1268 1662 1424 1710 populo.
1486 1661 1559 1698 Ille

336 1801 356 1830 4
377 1798 481 1832 cuius
503 1819 545 1822 —
565 1797 713 1843 habuit]
733 1809 799 1832 om.
815 1798 850 1831 A
871 1801 1019 1842 propter
1040 1797 1338 1832 homoeoteleuton
1433 1795 1559 1830 licam-

220 1846 281 1878 }›es
306 1844 440 1879 habuit
465 1846 528 1889 cp]
554 1845 713 1879 licambe
739 1845 873 1878 habuit
900 1846 934 1879 V
1025 1849 1044 1878 5
1071 1844 1228 1878 neobule
1255 1845 1290 1878 A
1319 1843 1505 1877 neobulen
1532 1844 1566 1878 V

219 1892 373 1925 eobolen
399 1904 417 1926 c
442 1891 635 1926 neobolem
656 1903 684 1936 1)
791 1895 810 1925 6
838 1892 928 1925 data,
955 1893 1010 1925 est
1036 1902 1058 1925 a
1082 1893 1189 1935 patre
1214 1892 1266 1936 A]
1293 1901 1314 1924 a
1339 1891 1445 1934 patre
1471 1890 1562 1924 data

219 1940 275 1971 cst
302 1939 336 1971 V
429 1943 446 1971 7
474 1939 700 1972 maledicum
719 1939 763 1983 p]
789 1938 1031 1972 maledictum
1050 1939 1144 1973 AVo
1240 1941 1260 1972 8
1280 1937 1458 1971 licambes
1478 1941 1562 1971 ante

219 1986 324 2018 tanto
350 1986 477 2020 inserit
502 1997 529 2027 c,
552 1991 633 2029 post
659 1985 869 2029 compulsus
890 1997 929 2029 p,
956 1996 1021 2019 om.
1042 1986 1122 2019 AV
1212 1985 1345 2028 laqueo
1371 1984 1488 2018 uitam
1509 1984 1560 2028 A]

218 2031 338 2065 uitam
363 2031 496 2075 laqueo
512 2033 590 2076 ch
689 2037 731 2067 15
757 2033 1019 2076 hipponactem
1041 2033 1085 2077 12]
1111 2032 1320 2076 ypponacte
1341 2032 1376 2066 A
1400 2041 1562 2074 yponae-

220 2080 295 2112 tem
320 2089 338 2113 c
362 2079 536 2122 iponaete
563 2081 597 2114 V
690 2083 730 2113 17
758 2079 871 2113 fuisse
897 2079 1076 2123 bupalum
1096 2078 1286 2123 (bubalum
1314 2079 1361 2121 V)
1381 2077 1562 2121 pictorem

221 2125 335 2159 fuisse
361 2126 461 2169 apud
488 2128 548 2170 (ap
577 2128 623 2169 V)
645 2126 678 2160 A
688 2127 729 2168 V,
753 2126 948 2161 secundnm
974 2126 1089 2160 fuisse
1116 2137 1181 2160 om.
1203 2136 1251 2169 cp
1349 2127 1390 2158 18
1416 2123 1561 2158 laudio—

220 2182 347 2206 menas
367 2172 491 2216 Ach
518 2172 747 2207 clazomenas
773 2173 853 2207 edit.
875 2177 943 2207 net.
1043 2176 1084 2206 19
1111 2172 1373 2216 hipponactcm
1390 2171 1432 2216 p]
1456 2171 1562 2214 ippo-

222 2220 369 2253 nactem
402 2219 438 2253 A
476 2220 647 2263 iponacte
676 2221 710 2254 V
740 2221 963 2264 yponactem
987 2231 1005 2255 c
1149 2218 1365 2262 deformem]
1392 2227 1458 2252 om.
1479 2218 1515 2252 A

222 2276 288 2309 pro
302 2267 379 2300 risu
388 2266 430 2311 p]
444 2277 511 2310 pro
524 2267 606 2300 rixu
616 2268 650 2300 V
657 2268 733 2301 risu
747 2279 765 2301 c
778 2278 843 2301 om.
853 2267 889 2301 A
1023 2269 1067 2300 20
1080 2266 1266 2310 pincxitA
1280 2269 1320 2298 ut
1332 2264 1425 2309 uid]
1439 2264 1563 2308 pinxit

234 2314 310 2356 ch
407 2317 451 2347 24
476 2313 762 2358 panathenaeis]
789 2313 887 2347 bana
912 2313 1000 2347 thea
1019 2313 1076 2347 nis
1097 2326 1117 2356 γ
1142 2311 1347 2356 panatheos
1367 2322 1386 2345 r
1412 2321 1522 2345 scena
1541 2311 1562 2345 b
