<?xml version="1.0" encoding="UTF-8"?>
<!DOCTYPE html PUBLIC "-//W3C//DTD XHTML 1.0 Transitional//EN"
    "http://www.w3.org/TR/xhtml1/DTD/xhtml1-transitional.dtd">
<html xmlns="http://www.w3.org/1999/xhtml" xml:lang="en" lang="en">
 <head>
  <title>
</title>
<meta http-equiv="Content-Type" content="text/html;charset=utf-8" />
  <meta name='ocr-system' content='tesseract 3.04.00' />
  <meta name='ocr-capabilities' content='ocr_page ocr_carea ocr_par ocr_line ocrx_word'/>
</head>
<body>
  <div class='ocr_page' id='page_1' title='image "./pseudacronisscho01kelluoft_0179.png"; bbox 0 0 1664 2563; ppageno 0'>
   <div class='ocr_carea' id='block_1_1' title="bbox 636 77 1428 118">
    <p class='ocr_par' dir='ltr' id='par_1_1' title="bbox 636 77 1428 118">
     <span class='ocr_line' id='line_1_1' title="bbox 636 77 1428 118; baseline 0.008 -6"><span class='ocrx_word' id='word_1_1' title='bbox 636 77 779 112; x_wconf 89' lang='lat' dir='ltr'><strong><em>CARM.</em></strong></span> <span class='ocrx_word' id='word_1_2' title='bbox 800 77 834 111; x_wconf 88' lang='lat' dir='ltr'>H</span> <span class='ocrx_word' id='word_1_3' title='bbox 854 81 872 110; x_wconf 82' lang='lat'><strong>7</strong></span> <span class='ocrx_word' id='word_1_4' title='bbox 1345 77 1428 118; x_wconf 77' lang='grc'><strong>159</strong></span> 
     </span>
    </p>
   </div>
   <div class='ocr_carea' id='block_1_2' title="bbox 85 184 1150 324">
    <p class='ocr_par' dir='ltr' id='par_1_2' title="bbox 85 184 1150 324">
     <span class='ocr_line' id='line_1_2' title="bbox 85 184 690 241; baseline -0.002 -14"><span class='ocrx_word' id='word_1_5' title='bbox 85 189 188 227; x_wconf 91' lang='lat' dir='ltr'>unde</span> <span class='ocrx_word' id='word_1_6' title='bbox 220 192 260 227; x_wconf 89' lang='lat' dir='ltr'>et</span> <span class='ocrx_word' id='word_1_7' title='bbox 290 189 470 227; x_wconf 82' lang='lat' dir='ltr'>Lucanus</span> <span class='ocrx_word' id='word_1_8' title='bbox 504 184 541 241; x_wconf 78' lang='grc' dir='ltr'>(Ι</span> <span class='ocrx_word' id='word_1_9' title='bbox 569 184 690 241; x_wconf 78' lang='grc'>694);</span> 
     </span>
     <span class='ocr_line' id='line_1_3' title="bbox 296 266 1150 324; baseline 0 -16"><span class='ocrx_word' id='word_1_10' title='bbox 296 272 422 310; x_wconf 88' lang='lat' dir='ltr'>Video</span> <span class='ocrx_word' id='word_1_11' title='bbox 453 273 545 320; x_wconf 81' lang='lat' dir='ltr'>iam,</span> <span class='ocrx_word' id='word_1_12' title='bbox 576 271 740 320; x_wconf 82' lang='lat' dir='ltr'>Phoebe,</span> <span class='ocrx_word' id='word_1_13' title='bbox 772 271 974 321; x_wconf 82' lang='lat' dir='ltr'>Philippos</span> <span class='ocrx_word' id='word_1_14' title='bbox 1003 266 1105 324; x_wconf 80' lang='lat' dir='ltr'>(AF</span> <span class='ocrx_word' id='word_1_15' title='bbox 1115 271 1150 309; x_wconf 91' lang='lat' dir='ltr'><strong><em>V</em></strong></span> 
     </span>
    </p>
   </div>
   <div class='ocr_carea' id='block_1_3' title="bbox 84 361 1556 1129">
    <p class='ocr_par' dir='ltr' id='par_1_3' title="bbox 84 361 1500 537">
     <span class='ocr_line' id='line_1_4' title="bbox 208 361 1429 416; baseline 0.001 -12"><span class='ocrx_word' id='word_1_16' title='bbox 208 361 282 405; x_wconf 88' lang='lat'>10.</span> <span class='ocrx_word' id='word_1_17' title='bbox 332 378 412 404; x_wconf 69' lang='lat' dir='ltr'>NON</span> <span class='ocrx_word' id='word_1_18' title='bbox 450 379 554 403; x_wconf 78' lang='lat' dir='ltr'>BENE</span> <span class='ocrx_word' id='word_1_19' title='bbox 592 378 768 404; x_wconf 49' lang='lat' dir='ltr'>numera</span> <span class='ocrx_word' id='word_1_20' title='bbox 806 362 1014 416; x_wconf 81' lang='lat' dir='ltr'>PARMVLA]</span> <span class='ocrx_word' id='word_1_21' title='bbox 1078 365 1263 404; x_wconf 84' lang='lat' dir='ltr'>Parmula</span> <span class='ocrx_word' id='word_1_22' title='bbox 1307 369 1429 415; x_wconf 68' lang='lat' dir='ltr'>seth</span> 
     </span>
     <span class='ocr_line' id='line_1_5' title="bbox 84 426 1430 476; baseline 0 -13"><span class='ocrx_word' id='word_1_23' title='bbox 84 439 164 463; x_wconf 89' lang='lat' dir='ltr'>non</span> <span class='ocrx_word' id='word_1_24' title='bbox 200 426 297 464; x_wconf 90' lang='lat' dir='ltr'>bene</span> <span class='ocrx_word' id='word_1_25' title='bbox 333 426 490 473; x_wconf 75' lang='lat' dir='ltr'>relicta,</span> <span class='ocrx_word' id='word_1_26' title='bbox 531 427 624 475; x_wconf 90' lang='lat' dir='ltr'>quia</span> <span class='ocrx_word' id='word_1_27' title='bbox 662 439 770 463; x_wconf 80' lang='lat' dir='ltr'>arma</span> <span class='ocrx_word' id='word_1_28' title='bbox 807 426 848 463; x_wconf 86' lang='lat' dir='ltr'>in</span> <span class='ocrx_word' id='word_1_29' title='bbox 880 426 1018 476; x_wconf 87' lang='lat' dir='ltr'>fugam</span> <span class='ocrx_word' id='word_1_30' title='bbox 1049 426 1153 463; x_wconf 87' lang='lat' dir='ltr'>uersi</span> <span class='ocrx_word' id='word_1_31' title='bbox 1184 427 1430 474; x_wconf 81' lang='lat' dir='ltr'>proiecerant</span> 
     </span>
     <span class='ocr_line' id='line_1_6' title="bbox 88 480 1500 537; baseline -0.001 -15"><span class='ocrx_word' id='word_1_32' title='bbox 88 480 195 537; x_wconf 81' lang='grc' dir='ltr'>(ΑΓ</span> <span class='ocrx_word' id='word_1_33' title='bbox 211 485 247 522; x_wconf 96' lang='lat' dir='ltr'><em>V</em></span> <span class='ocrx_word' id='word_1_34' title='bbox 1480 491 1500 521; x_wconf 83' lang='lat'>5</span> 
     </span>
    </p>

    <p class='ocr_par' dir='ltr' id='par_1_4' title="bbox 85 539 1430 715">
     <span class='ocr_line' id='line_1_7' title="bbox 207 539 1430 594; baseline 0 -13"><span class='ocrx_word' id='word_1_35' title='bbox 207 539 283 583; x_wconf 88' lang='lat' dir='ltr'>ll.</span> <span class='ocrx_word' id='word_1_36' title='bbox 341 555 422 581; x_wconf 85' lang='lat' dir='ltr'>CVM</span> <span class='ocrx_word' id='word_1_37' title='bbox 460 555 621 581; x_wconf 80' lang='lat' dir='ltr'><strong><em>FRACTA</em></strong></span> <span class='ocrx_word' id='word_1_38' title='bbox 658 556 802 582; x_wconf 73' lang='lat' dir='ltr'>vmrvs</span> <span class='ocrx_word' id='word_1_39' title='bbox 841 556 891 581; x_wconf 82' lang='lat' dir='ltr'>ET</span> <span class='ocrx_word' id='word_1_40' title='bbox 923 540 1117 594; x_wconf 74' lang='lat' dir='ltr'>MmACES]</span> <span class='ocrx_word' id='word_1_41' title='bbox 1182 543 1359 582; x_wconf 84' lang='lat' dir='ltr'>Cassium</span> <span class='ocrx_word' id='word_1_42' title='bbox 1391 546 1430 581; x_wconf 87' lang='lat' dir='ltr'>et</span> 
     </span>
     <span class='ocr_line' id='line_1_8' title="bbox 85 603 1430 654; baseline 0 -14"><span class='ocrx_word' id='word_1_43' title='bbox 85 603 254 640; x_wconf 88' lang='lat' dir='ltr'>Brutum</span> <span class='ocrx_word' id='word_1_44' title='bbox 285 603 498 654; x_wconf 79' lang='lat' dir='ltr'>signifieat,</span> <span class='ocrx_word' id='word_1_45' title='bbox 537 604 606 652; x_wconf 87' lang='lat' dir='ltr'>qui</span> <span class='ocrx_word' id='word_1_46' title='bbox 637 604 684 641; x_wconf 88' lang='lat' dir='ltr'>de</span> <span class='ocrx_word' id='word_1_47' title='bbox 715 605 864 641; x_wconf 90' lang='lat' dir='ltr'>uirtute</span> <span class='ocrx_word' id='word_1_48' title='bbox 896 615 936 641; x_wconf 88' lang='lat' dir='ltr'>se</span> <span class='ocrx_word' id='word_1_49' title='bbox 967 604 1113 641; x_wconf 78' lang='lat' dir='ltr'>iactare</span> <span class='ocrx_word' id='word_1_50' title='bbox 1147 606 1430 641; x_wconf 80' lang='lat' dir='ltr'>consueuerant</span> 
     </span>
     <span class='ocr_line' id='line_1_9' title="bbox 87 657 1104 715; baseline -0.002 -14"><span class='ocrx_word' id='word_1_51' title='bbox 87 657 346 715; x_wconf 53' lang='lat' dir='ltr'>(marm),</span> <span class='ocrx_word' id='word_1_52' title='bbox 379 665 447 700; x_wconf 83' lang='lat' dir='ltr'>aut</span> <span class='ocrx_word' id='word_1_53' title='bbox 479 665 581 700; x_wconf 82' lang='lat' dir='ltr'>certe</span> <span class='ocrx_word' id='word_1_54' title='bbox 612 663 758 700; x_wconf 87' lang='lat' dir='ltr'>milites</span> <span class='ocrx_word' id='word_1_55' title='bbox 791 675 923 700; x_wconf 82' lang='lat' dir='ltr'>eorum</span> <span class='ocrx_word' id='word_1_56' title='bbox 957 658 1104 714; x_wconf 81' lang='lat' dir='ltr'>(AFV</span> 
     </span>
    </p>

    <p class='ocr_par' dir='ltr' id='par_1_5' title="bbox 85 716 1501 833">
     <span class='ocr_line' id='line_1_10' title="bbox 208 716 1429 771; baseline -0.001 -12"><span class='ocrx_word' id='word_1_57' title='bbox 208 716 284 760; x_wconf 74' lang='grc'><strong>12.</strong></span> <span class='ocrx_word' id='word_1_58' title='bbox 317 734 448 759; x_wconf 80' lang='lat' dir='ltr'>TVRPE</span> <span class='ocrx_word' id='word_1_59' title='bbox 482 720 632 770; x_wconf 52' lang='lat' dir='ltr'>sommi]</span> <span class='ocrx_word' id='word_1_60' title='bbox 677 722 760 759; x_wconf 85' lang='lat' dir='ltr'>Aut</span> <span class='ocrx_word' id='word_1_61' title='bbox 792 724 998 760; x_wconf 79' lang='lat' dir='ltr'>cruentum</span> <span class='ocrx_word' id='word_1_62' title='bbox 1029 724 1099 759; x_wconf 84' lang='lat' dir='ltr'>aut</span> <span class='ocrx_word' id='word_1_63' title='bbox 1131 734 1207 770; x_wconf 89' lang='lat' dir='ltr'>quo</span> <span class='ocrx_word' id='word_1_64' title='bbox 1239 722 1429 771; x_wconf 89' lang='lat' dir='ltr'>prostrati</span> 
     </span>
     <span class='ocr_line' id='line_1_11' title="bbox 85 775 1501 833; baseline -0.001 -14"><span class='ocrx_word' id='word_1_65' title='bbox 85 782 256 830; x_wconf 80' lang='lat' dir='ltr'>turpiter</span> <span class='ocrx_word' id='word_1_66' title='bbox 285 783 539 830; x_wconf 79' lang='lat' dir='ltr'>precarentur</span> <span class='ocrx_word' id='word_1_67' title='bbox 571 775 626 833; x_wconf 81' lang='lat' dir='ltr'>(A</span> <span class='ocrx_word' id='word_1_68' title='bbox 636 782 698 818; x_wconf 86' lang='grc' dir='ltr'>Γα</span> <span class='ocrx_word' id='word_1_69' title='bbox 708 782 743 818; x_wconf 91' lang='lat' dir='ltr'><strong><em>V</em></strong></span> <span class='ocrx_word' id='word_1_70' title='bbox 764 793 863 818; x_wconf 74' lang='lat' dir='ltr'>cons.</span> <span class='ocrx_word' id='word_1_71' title='bbox 889 782 1027 828; x_wconf 72' lang='lat' dir='ltr'>Porph.</span> <span class='ocrx_word' id='word_1_72' title='bbox 1458 788 1501 818; x_wconf 90' lang='lat'>10</span> 
     </span>
    </p>

    <p class='ocr_par' dir='ltr' id='par_1_6' title="bbox 87 835 1430 1070">
     <span class='ocr_line' id='line_1_12' title="bbox 209 835 1429 891; baseline 0.001 -14"><span class='ocrx_word' id='word_1_73' title='bbox 209 835 283 878; x_wconf 84' lang='lat'>13.</span> <span class='ocrx_word' id='word_1_74' title='bbox 322 852 551 879; x_wconf 79' lang='lat' dir='ltr'>MERCVRIVS</span> <span class='ocrx_word' id='word_1_75' title='bbox 585 837 733 891; x_wconf 78' lang='lat' dir='ltr'>CELER]</span> <span class='ocrx_word' id='word_1_76' title='bbox 778 839 949 877; x_wconf 82' lang='lat' dir='ltr'>Iucunde</span> <span class='ocrx_word' id='word_1_77' title='bbox 981 840 1080 877; x_wconf 80' lang='lat' dir='ltr'>dixit</span> <span class='ocrx_word' id='word_1_78' title='bbox 1111 852 1150 877; x_wconf 89' lang='lat' dir='ltr'>se</span> <span class='ocrx_word' id='word_1_79' title='bbox 1183 853 1206 877; x_wconf 83' lang='lat' dir='ltr'>a</span> <span class='ocrx_word' id='word_1_80' title='bbox 1236 840 1429 878; x_wconf 75' lang='lat' dir='ltr'>Mercurio</span> 
     </span>
     <span class='ocr_line' id='line_1_13' title="bbox 87 900 1430 949; baseline 0 -13"><span class='ocrx_word' id='word_1_81' title='bbox 87 900 309 946; x_wconf 78' lang='lat' dir='ltr'>liberatum,</span> <span class='ocrx_word' id='word_1_82' title='bbox 335 900 398 936; x_wconf 89' lang='lat' dir='ltr'>uel</span> <span class='ocrx_word' id='word_1_83' title='bbox 424 900 530 948; x_wconf 84' lang='lat' dir='ltr'>quod</span> <span class='ocrx_word' id='word_1_84' title='bbox 556 900 777 937; x_wconf 82' lang='lat' dir='ltr'>ostenderet</span> <span class='ocrx_word' id='word_1_85' title='bbox 803 911 841 937; x_wconf 90' lang='lat' dir='ltr'>se</span> <span class='ocrx_word' id='word_1_86' title='bbox 867 900 1005 936; x_wconf 85' lang='lat' dir='ltr'>furtim</span> <span class='ocrx_word' id='word_1_87' title='bbox 1030 900 1176 949; x_wconf 75' lang='lat' dir='ltr'>fugisse</span> <span class='ocrx_word' id='word_1_88' title='bbox 1203 901 1242 937; x_wconf 90' lang='lat' dir='ltr'>et</span> <span class='ocrx_word' id='word_1_89' title='bbox 1267 900 1430 937; x_wconf 82' lang='lat' dir='ltr'>celerem</span> 
     </span>
     <span class='ocr_line' id='line_1_14' title="bbox 89 953 1428 1011; baseline -0.001 -15"><span class='ocrx_word' id='word_1_90' title='bbox 89 958 309 996; x_wconf 86' lang='lat' dir='ltr'>ostenderet</span> <span class='ocrx_word' id='word_1_91' title='bbox 346 959 483 1008; x_wconf 89' lang='lat' dir='ltr'>fugam</span> <span class='ocrx_word' id='word_1_92' title='bbox 523 954 585 1001; x_wconf 71' lang='lat' dir='ltr'>(ex</span> <span class='ocrx_word' id='word_1_93' title='bbox 616 953 793 1011; x_wconf 76' lang='lat' dir='ltr'>Porph.)‚</span> <span class='ocrx_word' id='word_1_94' title='bbox 831 959 893 996; x_wconf 89' lang='lat' dir='ltr'>uel</span> <span class='ocrx_word' id='word_1_95' title='bbox 932 958 1036 1007; x_wconf 86' lang='lat' dir='ltr'>quod</span> <span class='ocrx_word' id='word_1_96' title='bbox 1073 961 1211 1007; x_wconf 86' lang='lat' dir='ltr'>poetae</span> <span class='ocrx_word' id='word_1_97' title='bbox 1250 958 1299 996; x_wconf 82' lang='lat' dir='ltr'>ad</span> <span class='ocrx_word' id='word_1_98' title='bbox 1330 959 1428 996; x_wconf 84' lang='lat' dir='ltr'>Mer-</span> 
     </span>
     <span class='ocr_line' id='line_1_15' title="bbox 88 1013 892 1070; baseline 0 -14"><span class='ocrx_word' id='word_1_99' title='bbox 88 1019 241 1056; x_wconf 79' lang='lat' dir='ltr'>curium</span> <span class='ocrx_word' id='word_1_100' title='bbox 271 1019 468 1066; x_wconf 87' lang='lat' dir='ltr'>pertinere</span> <span class='ocrx_word' id='word_1_101' title='bbox 500 1018 685 1055; x_wconf 77' lang='lat' dir='ltr'>dicuntur</span> <span class='ocrx_word' id='word_1_102' title='bbox 718 1013 892 1070; x_wconf 74' lang='lat' dir='ltr'>(AFaV</span> 
     </span>
    </p>

    <p class='ocr_par' dir='ltr' id='par_1_7' title="bbox 209 1071 1556 1129">
     <span class='ocr_line' id='line_1_16' title="bbox 209 1071 1556 1129; baseline 0 -15"><span class='ocrx_word' id='word_1_103' title='bbox 209 1071 284 1116; x_wconf 84' lang='lat'>14.</span> <span class='ocrx_word' id='word_1_104' title='bbox 316 1088 508 1116; x_wconf 79' lang='lat' dir='ltr'>SVSTVLIT</span> <span class='ocrx_word' id='word_1_105' title='bbox 540 1073 665 1128; x_wconf 82' lang='lat' dir='ltr'>AERE]</span> <span class='ocrx_word' id='word_1_106' title='bbox 696 1077 863 1125; x_wconf 76' lang='lat' dir='ltr'>Nebula⁷</span> <span class='ocrx_word' id='word_1_107' title='bbox 896 1080 940 1114; x_wconf 91' lang='lat' dir='ltr'>ut</span> <span class='ocrx_word' id='word_1_108' title='bbox 973 1071 1105 1129; x_wconf 66' lang='lat' dir='ltr'>(Verfs.</span> <span class='ocrx_word' id='word_1_109' title='bbox 1133 1076 1228 1115; x_wconf 75' lang='lat' dir='ltr'>Aen.</span> <span class='ocrx_word' id='word_1_110' title='bbox 1250 1077 1286 1113; x_wconf 88' lang='lat' dir='ltr'>V</span> <span class='ocrx_word' id='word_1_111' title='bbox 1308 1072 1429 1129; x_wconf 80' lang='lat'>810):</span> <span class='ocrx_word' id='word_1_112' title='bbox 1458 1084 1501 1114; x_wconf 83' lang='lat'>15</span> <span class='ocrx_word' id='word_1_113' title='bbox 1552 1099 1556 1104; x_wconf 91' lang='lat'><em>-</em></span> 
     </span>
    </p>
   </div>
   <div class='ocr_carea' id='block_1_4' title="bbox 298 1159 757 1209">
    <p class='ocr_par' dir='ltr' id='par_1_8' title="bbox 298 1159 757 1209">
     <span class='ocr_line' id='line_1_17' title="bbox 298 1159 757 1209; baseline 0.002 -13"><span class='ocrx_word' id='word_1_114' title='bbox 298 1159 412 1198; x_wconf 86' lang='lat' dir='ltr'>Nube</span> <span class='ocrx_word' id='word_1_115' title='bbox 444 1173 542 1198; x_wconf 81' lang='lat' dir='ltr'>caua</span> <span class='ocrx_word' id='word_1_116' title='bbox 575 1161 739 1209; x_wconf 86' lang='lat' dir='ltr'>eripiam</span> <span class='ocrx_word' id='word_1_117' title='bbox 749 1175 757 1207; x_wconf 77' lang='lat'><em>3</em></span> 
     </span>
    </p>
   </div>
   <div class='ocr_carea' id='block_1_5' title="bbox 86 1247 1503 1839">
    <p class='ocr_par' dir='ltr' id='par_1_9' title="bbox 86 1247 1430 1362">
     <span class='ocr_line' id='line_1_18' title="bbox 89 1247 1430 1307; baseline -0.001 -14"><span class='ocrx_word' id='word_1_118' title='bbox 89 1258 128 1293; x_wconf 89' lang='lat' dir='ltr'>et</span> <span class='ocrx_word' id='word_1_119' title='bbox 164 1268 234 1304; x_wconf 89' lang='lat' dir='ltr'>per</span> <span class='ocrx_word' id='word_1_120' title='bbox 270 1255 342 1293; x_wconf 83' lang='lat' dir='ltr'>hoe</span> <span class='ocrx_word' id='word_1_121' title='bbox 380 1254 495 1305; x_wconf 87' lang='lat' dir='ltr'>fugae</span> <span class='ocrx_word' id='word_1_122' title='bbox 533 1254 705 1292; x_wconf 85' lang='lat' dir='ltr'>latebras</span> <span class='ocrx_word' id='word_1_123' title='bbox 744 1255 909 1292; x_wconf 89' lang='lat' dir='ltr'>tutiores</span> <span class='ocrx_word' id='word_1_124' title='bbox 947 1254 1118 1292; x_wconf 88' lang='lat' dir='ltr'>ostendit</span> <span class='ocrx_word' id='word_1_125' title='bbox 1150 1249 1253 1307; x_wconf 79' lang='grc' dir='ltr'>(ΑΓ</span> <span class='ocrx_word' id='word_1_126' title='bbox 1263 1255 1299 1292; x_wconf 88' lang='lat' dir='ltr'><strong><em>V</em></strong></span> <span class='ocrx_word' id='word_1_127' title='bbox 1317 1247 1430 1302; x_wconf 54' lang='lat' dir='ltr'>paul.</span> 
     </span>
     <span class='ocr_line' id='line_1_19' title="bbox 86 1315 335 1362; baseline -0.004 -10"><span class='ocrx_word' id='word_1_128' title='bbox 86 1315 170 1352; x_wconf 80' lang='lat' dir='ltr'>sim.</span> <span class='ocrx_word' id='word_1_129' title='bbox 196 1315 335 1362; x_wconf 72' lang='lat' dir='ltr'>Porph.</span> 
     </span>
    </p>

    <p class='ocr_par' dir='ltr' id='par_1_10' title="bbox 88 1368 1502 1543">
     <span class='ocr_line' id='line_1_20' title="bbox 210 1368 1430 1424; baseline 0 -14"><span class='ocrx_word' id='word_1_130' title='bbox 210 1368 285 1412; x_wconf 83' lang='grc'><strong>15.</strong></span> <span class='ocrx_word' id='word_1_131' title='bbox 341 1369 592 1424; x_wconf 81' lang='lat' dir='ltr'>RESORBENS]</span> <span class='ocrx_word' id='word_1_132' title='bbox 656 1372 888 1422; x_wconf 85' lang='lat' dir='ltr'>Metaphora</span> <span class='ocrx_word' id='word_1_133' title='bbox 926 1385 948 1410; x_wconf 86' lang='lat' dir='ltr'>a</span> <span class='ocrx_word' id='word_1_134' title='bbox 987 1372 1189 1420; x_wconf 69' lang='lat' dir='ltr'>charibdi,</span> <span class='ocrx_word' id='word_1_135' title='bbox 1227 1386 1306 1422; x_wconf 85' lang='lat' dir='ltr'>qua</span> <span class='ocrx_word' id='word_1_136' title='bbox 1343 1385 1430 1410; x_wconf 83' lang='lat' dir='ltr'>oum</span> 
     </span>
     <span class='ocr_line' id='line_1_21' title="bbox 88 1431 1502 1482; baseline -0.001 -12"><span class='ocrx_word' id='word_1_137' title='bbox 88 1434 240 1482; x_wconf 88' lang='lat' dir='ltr'>impetu</span> <span class='ocrx_word' id='word_1_138' title='bbox 278 1432 448 1480; x_wconf 84' lang='lat' dir='ltr'>quodam</span> <span class='ocrx_word' id='word_1_139' title='bbox 485 1431 680 1482; x_wconf 81' lang='lat' dir='ltr'>significet</span> <span class='ocrx_word' id='word_1_140' title='bbox 716 1433 857 1470; x_wconf 86' lang='lat' dir='ltr'>mentis</span> <span class='ocrx_word' id='word_1_141' title='bbox 896 1434 936 1469; x_wconf 88' lang='lat' dir='ltr'>et</span> <span class='ocrx_word' id='word_1_142' title='bbox 965 1432 1095 1470; x_wconf 87' lang='lat' dir='ltr'>furore</span> <span class='ocrx_word' id='word_1_143' title='bbox 1128 1435 1350 1481; x_wconf 80' lang='lat' dir='ltr'>correptum</span> <span class='ocrx_word' id='word_1_144' title='bbox 1381 1433 1431 1470; x_wconf 83' lang='lat' dir='ltr'>ad</span> <span class='ocrx_word' id='word_1_145' title='bbox 1458 1440 1502 1469; x_wconf 76' lang='lat'>20</span> 
     </span>
     <span class='ocr_line' id='line_1_22' title="bbox 89 1486 781 1543; baseline -0.001 -14"><span class='ocrx_word' id='word_1_146' title='bbox 89 1491 205 1529; x_wconf 85' lang='lat' dir='ltr'>Bruti</span> <span class='ocrx_word' id='word_1_147' title='bbox 236 1493 367 1541; x_wconf 85' lang='lat' dir='ltr'>partes</span> <span class='ocrx_word' id='word_1_148' title='bbox 399 1503 600 1529; x_wconf 88' lang='lat' dir='ltr'>reuersum</span> <span class='ocrx_word' id='word_1_149' title='bbox 632 1486 781 1543; x_wconf 81' lang='lat' dir='ltr'>(AFV</span> 
     </span>
    </p>

    <p class='ocr_par' dir='ltr' id='par_1_11' title="bbox 89 1545 1430 1722">
     <span class='ocr_line' id='line_1_23' title="bbox 210 1545 1430 1601; baseline 0 -13"><span class='ocrx_word' id='word_1_150' title='bbox 210 1545 285 1589; x_wconf 76' lang='grc'><strong>17.</strong></span> <span class='ocrx_word' id='word_1_151' title='bbox 319 1562 555 1589; x_wconf 78' lang='lat' dir='ltr'><strong><em>OBLIGATAM</em></strong></span> <span class='ocrx_word' id='word_1_152' title='bbox 586 1563 722 1587; x_wconf 79' lang='lat' dir='ltr'>REDDE</span> <span class='ocrx_word' id='word_1_153' title='bbox 755 1562 839 1588; x_wconf 80' lang='lat' dir='ltr'>Iovi</span> <span class='ocrx_word' id='word_1_154' title='bbox 871 1546 1028 1601; x_wconf 77' lang='lat' dir='ltr'><strong>DAPEM]</strong></span> <span class='ocrx_word' id='word_1_155' title='bbox 1060 1551 1167 1588; x_wconf 88' lang='lat' dir='ltr'>Idest</span> <span class='ocrx_word' id='word_1_156' title='bbox 1196 1552 1430 1600; x_wconf 86' lang='lat' dir='ltr'>promissum</span> 
     </span>
     <span class='ocr_line' id='line_1_24' title="bbox 89 1604 1430 1662; baseline 0 -15"><span class='ocrx_word' id='word_1_157' title='bbox 89 1622 134 1648; x_wconf 84' lang='lat' dir='ltr'>ac</span> <span class='ocrx_word' id='word_1_158' title='bbox 166 1610 340 1648; x_wconf 89' lang='lat' dir='ltr'>debitum</span> <span class='ocrx_word' id='word_1_159' title='bbox 370 1610 487 1648; x_wconf 85' lang='lat' dir='ltr'>redde</span> <span class='ocrx_word' id='word_1_160' title='bbox 520 1610 745 1648; x_wconf 79' lang='lat' dir='ltr'>conuiuium</span> <span class='ocrx_word' id='word_1_161' title='bbox 779 1605 896 1662; x_wconf 72' lang='lat' dir='ltr'>(cons.</span> <span class='ocrx_word' id='word_1_162' title='bbox 921 1604 1090 1662; x_wconf 64' lang='lat' dir='ltr'>Porplz.)</span> <span class='ocrx_word' id='word_1_163' title='bbox 1148 1610 1200 1647; x_wconf 88' lang='lat' dir='ltr'>Et</span> <span class='ocrx_word' id='word_1_164' title='bbox 1232 1610 1430 1647; x_wconf 82' lang='lat' dir='ltr'>sciendum</span> 
     </span>
     <span class='ocr_line' id='line_1_25' title="bbox 91 1663 1141 1722; baseline 0 -16"><span class='ocrx_word' id='word_1_165' title='bbox 91 1666 273 1719; x_wconf 80' lang='lat' dir='ltr'>‘dapem&#39;</span> <span class='ocrx_word' id='word_1_166' title='bbox 306 1670 499 1720; x_wconf 83' lang='lat' dir='ltr'>singulari</span> <span class='ocrx_word' id='word_1_167' title='bbox 528 1682 689 1707; x_wconf 90' lang='lat' dir='ltr'>numero</span> <span class='ocrx_word' id='word_1_168' title='bbox 722 1669 960 1707; x_wconf 78' lang='lat' dir='ltr'>declinatum</span> <span class='ocrx_word' id='word_1_169' title='bbox 993 1663 1096 1722; x_wconf 78' lang='lat' dir='ltr'>(AF</span> <span class='ocrx_word' id='word_1_170' title='bbox 1106 1669 1141 1707; x_wconf 91' lang='lat' dir='ltr'><strong><em>V</em></strong></span> 
     </span>
    </p>

    <p class='ocr_par' dir='ltr' id='par_1_12' title="bbox 91 1723 1503 1839">
     <span class='ocr_line' id='line_1_26' title="bbox 210 1723 1503 1779; baseline -0.002 -12"><span class='ocrx_word' id='word_1_171' title='bbox 210 1723 285 1767; x_wconf 84' lang='grc'><strong>19.</strong></span> <span class='ocrx_word' id='word_1_172' title='bbox 341 1740 502 1766; x_wconf 83' lang='lat' dir='ltr'><strong>DEPONE</strong></span> <span class='ocrx_word' id='word_1_173' title='bbox 544 1740 618 1766; x_wconf 83' lang='lat' dir='ltr'>SVB</span> <span class='ocrx_word' id='word_1_174' title='bbox 656 1741 789 1767; x_wconf 76' lang='lat' dir='ltr'>LAVRV</span> <span class='ocrx_word' id='word_1_175' title='bbox 826 1725 886 1779; x_wconf 60' lang='lat' dir='ltr'>in]</span> <span class='ocrx_word' id='word_1_176' title='bbox 948 1728 1003 1766; x_wconf 88' lang='lat' dir='ltr'>Vt</span> <span class='ocrx_word' id='word_1_177' title='bbox 1040 1730 1098 1766; x_wconf 89' lang='lat' dir='ltr'>est</span> <span class='ocrx_word' id='word_1_178' title='bbox 1134 1728 1233 1765; x_wconf 87' lang='lat' dir='ltr'>illud</span> <span class='ocrx_word' id='word_1_179' title='bbox 1264 1727 1432 1778; x_wconf 72' lang='lat' dir='ltr'>Vergilii</span> <span class='ocrx_word' id='word_1_180' title='bbox 1458 1735 1503 1765; x_wconf 74' lang='lat'>25</span> 
     </span>
     <span class='ocr_line' id='line_1_27' title="bbox 91 1782 358 1839; baseline 0 -14"><span class='ocrx_word' id='word_1_181' title='bbox 91 1782 171 1839; x_wconf 78' lang='lat' dir='ltr'>(ecl.</span> <span class='ocrx_word' id='word_1_182' title='bbox 202 1790 238 1836; x_wconf 84' lang='lat'>1,</span> <span class='ocrx_word' id='word_1_183' title='bbox 260 1783 358 1839; x_wconf 27' lang='lat'>¹79):</span> 
     </span>
    </p>
   </div>
   <div class='ocr_carea' id='block_1_6' title="bbox 267 1870 1408 1919">
    <p class='ocr_par' dir='ltr' id='par_1_13' title="bbox 267 1870 1408 1919">
     <span class='ocr_line' id='line_1_28' title="bbox 267 1870 1408 1919; baseline -0.001 -11"><span class='ocrx_word' id='word_1_184' title='bbox 267 1870 342 1908; x_wconf 83' lang='lat' dir='ltr'>Hie</span> <span class='ocrx_word' id='word_1_185' title='bbox 374 1873 505 1908; x_wconf 85' lang='lat' dir='ltr'>tamen</span> <span class='ocrx_word' id='word_1_186' title='bbox 537 1871 609 1908; x_wconf 80' lang='lat' dir='ltr'>hae</span> <span class='ocrx_word' id='word_1_187' title='bbox 642 1883 793 1908; x_wconf 81' lang='lat' dir='ltr'>meeum</span> <span class='ocrx_word' id='word_1_188' title='bbox 824 1872 980 1919; x_wconf 87' lang='lat' dir='ltr'>poteras</span> <span class='ocrx_word' id='word_1_189' title='bbox 1012 1871 1252 1918; x_wconf 83' lang='lat' dir='ltr'>requiescere</span> <span class='ocrx_word' id='word_1_190' title='bbox 1283 1872 1408 1918; x_wconf 75' lang='lat' dir='ltr'>nocte,</span> 
     </span>
    </p>
   </div>
   <div class='ocr_carea' id='block_1_7' title="bbox 90 1964 1434 2076">
    <p class='ocr_par' dir='ltr' id='par_1_14' title="bbox 90 1964 1434 2076">
     <span class='ocr_line' id='line_1_29' title="bbox 90 1964 1434 2014; baseline 0.001 -12"><span class='ocrx_word' id='word_1_191' title='bbox 90 1965 154 2003; x_wconf 92' lang='lat' dir='ltr'>uel</span> <span class='ocrx_word' id='word_1_192' title='bbox 186 1967 288 2003; x_wconf 84' lang='lat' dir='ltr'>certe</span> <span class='ocrx_word' id='word_1_193' title='bbox 321 1964 390 2002; x_wconf 84' lang='lat' dir='ltr'>sub</span> <span class='ocrx_word' id='word_1_194' title='bbox 416 1964 587 2014; x_wconf 87' lang='lat' dir='ltr'>Augusti</span> <span class='ocrx_word' id='word_1_195' title='bbox 612 1964 791 2012; x_wconf 76' lang='lat' dir='ltr'>uictoria,</span> <span class='ocrx_word' id='word_1_196' title='bbox 823 1966 892 2002; x_wconf 88' lang='lat' dir='ltr'>aut</span> <span class='ocrx_word' id='word_1_197' title='bbox 917 1966 1120 2012; x_wconf 77' lang='lat' dir='ltr'>tamquam</span> <span class='ocrx_word' id='word_1_198' title='bbox 1144 1966 1261 2013; x_wconf 87' lang='lat' dir='ltr'>poeta</span> <span class='ocrx_word' id='word_1_199' title='bbox 1286 1965 1434 2003; x_wconf 82' lang='lat' dir='ltr'>inuitat</span> 
     </span>
     <span class='ocr_line' id='line_1_30' title="bbox 91 2018 854 2076; baseline -0.003 -14"><span class='ocrx_word' id='word_1_200' title='bbox 91 2025 259 2062; x_wconf 81' lang='lat' dir='ltr'>amicum</span> <span class='ocrx_word' id='word_1_201' title='bbox 291 2024 363 2062; x_wconf 83' lang='lat' dir='ltr'>sub</span> <span class='ocrx_word' id='word_1_202' title='bbox 396 2036 464 2062; x_wconf 92' lang='lat' dir='ltr'>suo</span> <span class='ocrx_word' id='word_1_203' title='bbox 497 2024 666 2062; x_wconf 82' lang='lat' dir='ltr'>carmine</span> <span class='ocrx_word' id='word_1_204' title='bbox 700 2018 756 2076; x_wconf 80' lang='lat' dir='ltr'>(A</span> <span class='ocrx_word' id='word_1_205' title='bbox 771 2025 808 2060; x_wconf 92' lang='grc' dir='ltr'><em>Γ</em></span> <span class='ocrx_word' id='word_1_206' title='bbox 818 2024 854 2061; x_wconf 90' lang='lat' dir='ltr'><strong><em>V</em></strong></span> 
     </span>
    </p>
   </div>
   <div class='ocr_carea' id='block_1_8' title="bbox 90 2183 1433 2277">
    <p class='ocr_par' dir='ltr' id='par_1_15' title="bbox 90 2183 1433 2277">
     <span class='ocr_line' id='line_1_31' title="bbox 212 2183 1433 2231; baseline -0.001 -13"><span class='ocrx_word' id='word_1_207' title='bbox 212 2188 230 2218; x_wconf 82' lang='lat'>2</span> <span class='ocrx_word' id='word_1_208' title='bbox 265 2184 385 2231; x_wconf 68' lang='lat' dir='ltr'>phebe</span> <span class='ocrx_word' id='word_1_209' title='bbox 412 2186 447 2219; x_wconf 90' lang='lat' dir='ltr'><strong><em>A</em></strong></span> <span class='ocrx_word' id='word_1_210' title='bbox 591 2184 738 2229; x_wconf 88' lang='lat' dir='ltr'>filippos</span> <span class='ocrx_word' id='word_1_211' title='bbox 765 2185 800 2218; x_wconf 82' lang='lat' dir='ltr'><strong><em>A</em></strong></span> <span class='ocrx_word' id='word_1_212' title='bbox 944 2187 965 2217; x_wconf 82' lang='lat'>4</span> <span class='ocrx_word' id='word_1_213' title='bbox 991 2183 1121 2218; x_wconf 80' lang='lat' dir='ltr'>relicta</span> <span class='ocrx_word' id='word_1_214' title='bbox 1147 2184 1225 2230; x_wconf 80' lang='lat' dir='ltr'>Ay]</span> <span class='ocrx_word' id='word_1_215' title='bbox 1258 2183 1387 2218; x_wconf 84' lang='lat' dir='ltr'>relicto</span> <span class='ocrx_word' id='word_1_216' title='bbox 1414 2195 1433 2218; x_wconf 80' lang='lat' dir='ltr'>r</span> 
     </span>
     <span class='ocr_line' id='line_1_32' title="bbox 90 2230 1432 2277; baseline 0.001 -14"><span class='ocrx_word' id='word_1_217' title='bbox 90 2242 117 2265; x_wconf 86' lang='lat' dir='ltr'>r.</span> <span class='ocrx_word' id='word_1_218' title='bbox 146 2232 259 2267; x_wconf 82' lang='lat' dir='ltr'>Vom.</span> <span class='ocrx_word' id='word_1_219' title='bbox 286 2243 335 2276; x_wconf 77' lang='lat' dir='ltr'>cp</span> <span class='ocrx_word' id='word_1_220' title='bbox 482 2235 522 2265; x_wconf 92' lang='lat'>11</span> <span class='ocrx_word' id='word_1_221' title='bbox 557 2232 611 2277; x_wconf 83' lang='lat' dir='ltr'>se]</span> <span class='ocrx_word' id='word_1_222' title='bbox 633 2243 698 2266; x_wconf 82' lang='lat' dir='ltr'>om.</span> <span class='ocrx_word' id='word_1_223' title='bbox 720 2232 756 2266; x_wconf 87' lang='lat' dir='ltr'><strong><em>A</em></strong></span> <span class='ocrx_word' id='word_1_224' title='bbox 902 2235 942 2265; x_wconf 82' lang='grc'><strong>17</strong></span> <span class='ocrx_word' id='word_1_225' title='bbox 975 2230 1063 2276; x_wconf 79' lang='lat' dir='ltr'>fuge</span> <span class='ocrx_word' id='word_1_226' title='bbox 1090 2232 1125 2266; x_wconf 91' lang='lat' dir='ltr'><strong><em>A</em></strong></span> <span class='ocrx_word' id='word_1_227' title='bbox 1247 2234 1289 2265; x_wconf 88' lang='grc'><strong>19</strong></span> <span class='ocrx_word' id='word_1_228' title='bbox 1315 2232 1432 2265; x_wconf 83' lang='lat' dir='ltr'>meta-</span> 
     </span>
    </p>
   </div>
   <div class='ocr_carea' id='block_1_9' title="bbox 91 2277 1430 2359">
    <p class='ocr_par' dir='ltr' id='par_1_16' title="bbox 91 2277 1430 2359">
     <span class='ocr_line' id='line_1_33' title="bbox 91 2277 1430 2359; baseline 0 -48"><span class='ocrx_word' id='word_1_229' title='bbox 91 2277 181 2359; x_wconf 41' lang='lat' dir='ltr'>sobac}</span> <span class='ocrx_word' id='word_1_230' title='bbox 185 2279 220 2313; x_wconf 89' lang='lat' dir='ltr'><strong><em>A</em></strong></span> <span class='ocrx_word' id='word_1_231' title='bbox 230 2281 268 2322; x_wconf 84' lang='grc' dir='ltr'>Γ,</span> <span class='ocrx_word' id='word_1_232' title='bbox 294 2284 383 2315; x_wconf 76' lang='lat' dir='ltr'>recte</span> <span class='ocrx_word' id='word_1_233' title='bbox 404 2281 438 2314; x_wconf 92' lang='lat' dir='ltr'><strong><em>V</em></strong></span> <span class='ocrx_word' id='word_1_234' title='bbox 507 2282 550 2313; x_wconf 78' lang='lat'>24</span> <span class='ocrx_word' id='word_1_235' title='bbox 571 2279 797 2313; x_wconf 84' lang='lat' dir='ltr'>declinatam</span> <span class='ocrx_word' id='word_1_236' title='bbox 811 2279 846 2313; x_wconf 87' lang='lat' dir='ltr'><strong><em>A</em></strong></span> <span class='ocrx_word' id='word_1_237' title='bbox 867 2278 1093 2313; x_wconf 82' lang='lat' dir='ltr'>declinatum</span> <span class='ocrx_word' id='word_1_238' title='bbox 1111 2283 1185 2314; x_wconf 78' lang='lat' dir='ltr'>cett.</span> <span class='ocrx_word' id='word_1_239' title='bbox 1262 2282 1304 2312; x_wconf 76' lang='lat'>25</span> <span class='ocrx_word' id='word_1_240' title='bbox 1330 2278 1430 2322; x_wconf 88' lang='lat' dir='ltr'>uirg:</span> 
     </span>
     <span class='ocr_line' id='line_1_34' title="bbox 91 2335 190 2359; baseline 0 0"><span class='ocrx_word' id='word_1_241' title='bbox 91 2335 130 2359; x_wconf 87' lang='lat' dir='ltr'>co</span> <span class='ocrx_word' id='word_1_242' title='bbox 184 2353 190 2359; x_wconf 95' lang='lat'>.</span> 
     </span>
    </p>
   </div>
  </div>
 </body>
</html>
