1664 2563
213 88 299 129 344
657 86 907 121 EXPOSITIO
933 86 984 120 IN
1009 86 1120 121 HOR.

334 195 410 238 20.
469 210 642 236 CVLPAR1
679 211 843 236 METVET
875 194 1014 249 FIDEs]
1071 198 1290 247 Tamquam
1322 199 1431 236 cuius
1462 201 1560 236 tem-

213 271 307 309 pore
339 270 409 296 nec
441 258 633 295 creditum
664 270 734 295 nec
766 257 987 307 depositum
1018 259 1229 307 negaretur
1262 252 1365 309 (AV

335 312 412 356 21.
465 329 594 354 CASTA
625 313 782 367 Domvs]
838 316 893 353 Vt
925 311 1060 368 (Very.
1085 327 1209 364 yeorgy.
1235 316 1275 353 H
1303 310 1425 369 524):

430 400 547 438 Casta
578 399 812 448 pudicitiam
844 401 973 437 seruet
1005 398 1141 437 domus
1174 394 1231 450 (A
1242 399 1278 436 V

168 506 188 536 5
336 490 413 533 22.
458 505 705 532 MACVLOSVM
743 505 925 531 EDOMVIT
963 489 1111 544 NEFAs]
1173 492 1318 543 Legem
1355 493 1564 543 significat,

217 567 337 603 quam
369 554 415 591 de
448 553 670 591 coercendis
703 553 908 590 adulteriis
941 552 1071 590 sanxit
1103 547 1207 604 (AV

336 608 412 651 23.
468 624 715 650 LAVDANTVR
772 623 897 649 snum
951 623 1084 649 PROLE
1134 607 1448 661 PVERPER<A>E]
1508 610 1566 648 Vt

217 672 349 710 abesse
392 672 645 709 matrimonio
689 671 846 719 culpam
889 670 1010 720 prolis
1054 672 1263 720 parentum
1307 670 1564 707 similitudine

217 731 515 774 demonstraret,
547 732 591 767 ut
623 725 758 781 (Very.
786 729 882 767 Aen.
910 729 992 766 ΠΠ
1020 724 1143 781 329):

148 824 190 854 10
430 812 505 857 Qui
537 816 575 850 te
607 815 740 850 tamen
773 825 837 850 ore
869 812 1032 850 referret
1064 810 1168 863 (AV

339 902 413 945 ⁶24.
449 920 611 945 CVLPAM
642 904 833 957 P<O>ENA
864 919 1015 943 PREMIT
1051 902 1202 956 OOMES]
1254 904 1390 943 Comes
1416 906 1567 955 culpae,

218 968 366 1015 inquit,
403 979 529 1016 poena
568 969 626 1004 est
663 978 733 1003 nec
771 965 985 1003 differendo
1023 965 1240 1002 uindictam
1271 966 1449 1014 praestat
1477 977 1565 1014 pec-

219 1025 333 1063 candi
364 1026 565 1063 licentiam
598 1019 702 1077 (AV

340 1079 416 1123 25.
456 1095 547 1126 QVIS
579 1095 773 1121 PARTHVM
805 1079 985 1133 PAVEAT]
1040 1082 1181 1120 Nullas
1213 1084 1348 1132 gentes
1381 1082 1478 1120 dicit
1508 1082 1566 1119 in-

149 1153 192 1183 15
219 1143 364 1182 columi
398 1142 562 1180 Caesare
594 1142 800 1180 formidari
833 1137 936 1194 (AV

341 1197 417 1240 28.
458 1213 588 1239 CVRET
620 1197 804 1251 IBERIAE]
860 1200 1082 1239 Indomitae
1115 1202 1154 1238 et
1183 1200 1392 1238 bellicosae
1423 1199 1568 1248 Hispa-

220 1259 376 1298 niarum
408 1262 536 1311 gentis
569 1255 673 1312 (AV

342 1315 418 1358 29.
470 1331 622 1357 CONDIT
662 1330 837 1361 QVISQVE
868 1314 989 1369 DIEM]
1051 1318 1221 1368 Peragit.
1283 1317 1339 1355 Vt
1368 1317 1569 1367 Vergilius

222 1375 303 1431 (ecl.
333 1380 370 1426 9,
398 1374 491 1430 52):

151 1470 195 1500 20
437 1460 641 1498 Cantando
682 1461 818 1510 longos
856 1460 1018 1497 memini
1048 1472 1110 1496 me
1142 1459 1307 1497 condere
1339 1459 1437 1497 soles
1470 1452 1575 1510 (AV

343 1550 420 1594 30.
470 1567 521 1592 ET
553 1567 679 1592 VITEM
710 1565 859 1592 VIDVAs
890 1565 1014 1592 nvom*
1047 1565 1102 1590 AD
1133 1549 1191 1604 A.]
1246 1553 1354 1590 Idest
1383 1551 1570 1590 beneficio

222 1615 395 1664 Augusti
437 1627 508 1662 per
551 1614 675 1651 otium
715 1613 949 1662 praestitum
988 1624 1172 1662 agrorum
1209 1612 1425 1649 utilitatem
1461 1611 1570 1648 cultu

224 1685 412 1721 crescere3
446 1669 627 1710 ‘uiduas'
662 1684 755 1710 uero
789 1667 988 1709 ‘arbores’
1017 1668 1121 1708 ‘sine
1146 1666 1316 1708 uitibus'
1344 1670 1444 1707 dixit
1470 1663 1576 1722 (AV

217 1733 329 1779 paul.
354 1733 437 1769 sim.
465 1731 605 1778 Porph.

154 1799 197 1829 25
344 1785 421 1828 31.
472 1801 568 1827 HINC
610 1801 665 1826 AD
702 1801 799 1827 va
835 1784 979 1839 REDIT]
1035 1787 1142 1825 Idest
1173 1800 1196 1825 a
1227 1787 1360 1825 labore
1399 1786 1450 1824 ad
1481 1798 1570 1825 con-

224 1850 334 1886 uiuia
366 1847 424 1901 (A
434 1849 468 1886 V

344 1908 481 1945 ssIdest
529 1908 798 1956 unusquisque
843 1918 998 1944 securus
1043 1908 1102 1943 est
1143 1906 1184 1942 in
1229 1905 1308 1943 suis
1353 1905 1457 1954 agris
1503 1906 1572 1942 aut

226 1968 386 2015 propter
419 1966 543 2003 otium
576 1969 645 2003 aut
676 1966 771 2014 quia
801 1978 878 2014 pax
910 1964 1054 2013 ubique
1088 1967 1147 2002 est
1172 1966 1211 2001 et
1235 1964 1336 2000 nulli
1362 1963 1571 2012 capiuntur

226 2028 384 2073 tyrones
417 2019 596 2076 (FO-aff

348 2187 365 2216 1
392 2184 534 2216 metuet
559 2183 610 2227 A]
637 2183 771 2216 metuit
799 2183 857 2226 Vp
877 2182 968 2216 Hor.
996 2193 1042 2214 m.
1063 2191 1081 2214 c
1178 2183 1197 2213 8
1225 2179 1468 2214 similitudine
1487 2179 1523 2212 A

231 2235 269 2264 11
301 2232 412 2274 <pena
432 2230 466 2263 A
492 2239 612 2273 poena
640 2231 687 2273 V)
713 2242 747 2273 p.
770 2240 787 2263 c
885 2227 1012 2262 Comes
1034 2229 1068 2261 A
1167 2227 1273 2271 culpe
1298 2225 1423 2269 inquit
1441 2226 1493 2270 A]
1516 2226 1572 2259 in-

229 2278 310 2321 quit
336 2277 468 2320 culpae
491 2288 517 2320 p
542 2276 665 2319 inquit
690 2276 798 2319 culpe
826 2277 872 2310 Vc
995 2278 1036 2308 12
1063 2284 1160 2318 pena
1185 2275 1220 2307 A
1342 2275 1385 2306 18
1410 2272 1470 2306 uii*
1496 2273 1531 2308 V

230 2329 270 2358 21
300 2323 474 2358 benefitio
500 2324 535 2357 A
634 2327 676 2356 29
705 2325 865 2367 (tyrones
893 2323 983 2365 rab)
