1664 2563
84 675 261 728 VITA
294 674 619 728 HORATII
643 673 924 727 FLAOCI
949 673 1158 728 HAEC
1184 673 1340 728 EST:
1374 670 1440 728 (A

203 807 395 846 Horatius
423 807 591 851 Quintus
617 807 781 845 Flaccus
813 820 1005 856 praecone
1038 810 1151 856 patre
1178 809 1295 844 natus
1322 807 1439 844 liber-

84 868 193 905 tinae
236 867 491 915 conditionis,
536 867 701 904 oriundo
743 866 967 905 Venusinus
1011 867 1107 913 fuit,
1153 880 1253 916 quae
1297 867 1439 904 ciuitas

83 926 255 975 Apuliae
281 929 356 975 est3
388 939 467 964 non
498 928 631 964 tamen
664 928 736 963 aut
768 927 908 975 opibus
940 926 1032 964 uilis
1066 928 1136 963 aut
1168 926 1316 973 studim
1348 939 1440 963 nam

83 986 230 1024 litteris
267 986 497 1024 liberalibus
530 986 705 1023 eruditus
737 999 808 1034 pro
841 986 991 1036 ingenii
1024 986 1224 1034 claritate,
1263 986 1368 1034 quod
1399 986 1439 1022 in

83 1048 241 1083 tantum
273 1046 353 1084 iam
386 1059 408 1083 a
440 1058 561 1094 puero
589 1046 799 1093 eminebat,
830 1048 876 1083 ut
900 1046 1008 1083 ultra
1033 1046 1219 1083 meritum
1244 1045 1440 1083 natalium

83 1106 232 1144 talibus
277 1105 497 1154 disciplinis
541 1106 689 1143 faceret
733 1118 822 1143 eum
861 1108 998 1155 aptum
1036 1105 1174 1142 uideri.
1237 1105 1314 1142 Hic
1350 1106 1441 1154 post

84 1165 217 1203 studia
236 1165 416 1203 Romana
447 1165 723 1214 philosophiae
756 1177 876 1203 causa
894 1165 1073 1202 Athenas
1105 1165 1305 1213 profectus
1337 1165 1441 1201 inter

84 1225 299 1274 Epicureos
343 1225 517 1274 primum
561 1225 691 1262 locum
734 1225 874 1262 tenuit.
944 1225 1279 1273 Familiaritatem
1320 1225 1440 1261 etiam

82 1285 210 1322 Marci
235 1284 352 1321 Bruti
385 1284 550 1332 adeptus
583 1286 654 1331 est,
687 1285 769 1321 eius
803 1285 871 1332 qui
898 1297 986 1322 cum
1012 1284 1194 1334 Augusto
1221 1284 1438 1321 dimicauit.

83 1344 189 1382 Nam
221 1346 261 1380 et
289 1343 471 1381 tribunus
497 1343 671 1380 militum
697 1344 821 1392 ipsius
848 1344 937 1381 fuit.
989 1343 1084 1381 Post
1109 1344 1319 1381 uictoriam
1346 1356 1440 1380 uero

83 1403 214 1441 ciuilis
258 1403 353 1441 belli
394 1403 620 1440 interuentu
658 1399 953 1453 M<a>ecenatis
992 1403 1160 1441 Horatio
1200 1402 1344 1440 Caesar
1383 1403 1439 1439 in-

83 1463 216 1500 dulsit.
280 1463 374 1500 Fuit
405 1465 538 1500 autem
570 1463 674 1500 idem
705 1462 896 1500 Horatius
929 1464 1084 1501 statura
1115 1463 1264 1510 breuis,
1295 1463 1441 1511 lippus⁷

83 1523 200 1560 obeso
227 1534 401 1571 corpore,
433 1522 658 1570 iracundus,
691 1523 866 1561 obscenis
893 1523 1079 1570 moribus,
1106 1523 1164 1560 ita
1189 1524 1235 1559 ut
1261 1522 1439 1559 cubiculo

83 1582 286 1631 speculato
319 1584 507 1630 uteretur,
541 1595 618 1631 quo
651 1595 690 1620 se
724 1584 929 1620 coeuntem
955 1582 1118 1620 uideret.
1175 1582 1304 1620 Natus
1331 1583 1439 1619 sexto

82 1641 176 1679 Idus
202 1641 384 1679 Decemb.
410 1640 528 1679 Cotta
554 1644 593 1679 01
619 1642 821 1690 Torquato
849 1642 1083 1680 consulibus.
1139 1641 1439 1691 Septuagesimo

83 1700 227 1739 aetatis
266 1713 368 1738 anno
400 1702 522 1749 periit
552 1701 692 1738 herede
724 1701 925 1751 Augusto,
965 1701 1143 1750 sepultus
1176 1702 1217 1737 in
1249 1700 1439 1749 Esquiliis

82 1760 195 1798 iuxta
226 1761 424 1798 tumulum
455 1757 764 1811 M<a>ecenatis.

202 1820 248 1857 In
281 1833 396 1869 opere
423 1832 492 1857 suo
516 1817 765 1870 Alc<a>eum
790 1820 970 1858 imitatus
998 1822 1068 1867 est⁷
1101 1821 1142 1857 in
1170 1821 1305 1868 satyra
1325 1819 1439 1857 Luci-

82 1879 192 1916 lium.
254 1880 301 1917 In
338 1880 534 1928 principio
574 1881 758 1918 carminis
797 1892 836 1917 se
868 1880 1108 1928 Epicureum
1145 1879 1312 1927 fatetur⁷
1352 1892 1441 1916 cum

82 1938 244 1976 beatum
300 1939 397 1977 dicit
451 1953 522 1988 pro
574 1939 782 1977 uoluntate
832 1940 1045 1976 uiuentem.
1131 1939 1188 1976 Vt
1237 1939 1439 1988 Vergilius

84 1992 167 2050 (ecl.
197 2000 234 2045 2,
262 1994 353 2050 65):

412 2058 554 2096 Trahit
586 2071 656 2096 sua
688 2071 882 2107 quemque
914 2058 1112 2107 uoluptas.

203 2162 224 2192 4
249 2160 376 2194 tamen
403 2160 455 2203 ocj
481 2165 513 2195 et
538 2161 621 2195 olim
649 2160 699 2205 A]
727 2161 806 2194 tam
831 2161 895 2201 Αζ
919 2160 1011 2194 adeo
1040 2160 1115 2203 Mf
1255 2163 1274 2192 6
1302 2158 1440 2193 01111110-

83 2205 150 2240 bat
164 2206 208 2252 Γ]
231 2207 379 2241 emebat
391 2208 427 2242 A
527 2210 569 2241 12
585 2219 689 2242 cesar
701 2208 737 2242 A
837 2211 879 2241 14
894 2207 1005 2253 obeso
1020 2209 1055 2242 A
1156 2211 1198 2241 16
1214 2207 1342 2241 (1000111
1357 2207 1392 2240 A

85 2255 360 2299 septuagesimo
388 2255 546 2299 septimo
574 2256 672 2298 ij
794 2259 835 2289 17
864 2255 975 2289 etatis
1001 2257 1037 2290 A
1161 2258 1203 2288 19
1231 2256 1358 2298 satyra
1382 2254 1437 2298 fg]

85 2303 210 2335 satora
228 2303 264 2336 A
292 2302 406 2336 satira
433 2303 482 2336 M
487 2316 510 2336 cc
517 2304 538 2346 j
646 2306 690 2336 ‘20
717 2302 909 2347 epicurum
935 2304 970 2338 A
1070 2306 1111 2336 21
1138 2301 1312 2347 uirgilius
1338 2302 1439 2336 codd.

154 2367 177 2391 P
180 2374 615 2393 sssssssssssssssssss
635 2369 665 2393 H
669 2375 823 2393 111111111
1207 2366 1223 2395 1

1469 1291 1512 1320 10

1469 1588 1510 1618 15

1467 1886 1512 1916 20
