1664 2563
655 103 800 139 CARM.
818 103 886 138 ΠΙΙ
906 108 928 137 4
1382 104 1468 146 339

235 211 311 255 40.
363 212 580 266 TENEBRIS]
637 216 712 253 Pro
744 215 933 254 Afrorum
964 217 1112 254 terrore
1145 211 1203 268 (A
1214 217 1247 253 V

234 282 312 326 41.
344 282 530 337 ADOREA]
562 286 667 324 Laus
687 286 830 324 bellica
850 286 1079 336 uocabatur,
1107 299 1151 324 eo
1172 287 1276 335 quod
1298 288 1467 325 uictores

115 359 138 384 a
169 347 286 384 uictis
320 346 578 384 adorarentur
610 340 709 398 (AV
735 347 782 393 cf.
809 346 948 393 Por-ph.

233 405 369 443 *Ador
412 417 534 455 genus
578 407 638 443 est
681 405 822 454 optimi
866 405 1000 453 farris,
1044 404 1148 453 quod
1191 406 1233 442 in
1275 405 1466 443 sacrificio

112 465 343 515 ponebatur.
406 464 519 501 Vnde
551 464 744 514 Virgilius
778 458 894 516 (Aen.
922 464 1000 501 VH
1029 459 1151 515 109):
1518 472 1538 500 5

325 546 482 585 Adorea
514 546 596 583 liba
627 559 697 595 per
728 547 890 584 herbam
924 541 996 599 (ab

231 636 309 680 43.
368 653 446 680 cmv
483 653 654 678 FLAMMA
690 654 769 678 PER
807 637 960 691 ‘rEDAs]
1023 641 1117 678 Post
1149 639 1299 678 cladem
1331 641 1466 678 fratris

111 701 248 751 fugam
279 700 465 739 describit
497 701 734 738 Hannibalis
767 695 824 752 (A
836 701 871 738 V

231 767 309 810 45.
344 783 540 809 sncvums
567 768 756 821 <VS>QVE
782 767 1028 821 LABovas]
1077 771 1124 808 In
1150 770 1309 808 laudem
1334 771 1466 818 Drusi,

111 833 180 880 qui
224 831 271 868 de
309 831 477 868 Neronis
522 843 662 881 genere
701 830 917 878 descendit,
962 832 1259 877 commemorat,
1303 843 1348 867 ex
1388 842 1464 878 quo
1493 838 1536 868 10

110 889 338 928 Hasdrubal
364 891 513 928 occisus
534 892 593 927 est
613 903 636 927 a
655 889 823 937 Nerone,
855 891 895 926 et
914 889 1181 926 Hannibalem
1200 886 1465 939 <tamq1>1am

110 952 311 987 mortuum
342 949 462 986 fuisse
494 951 534 986 et
566 949 734 986 creuisse
767 948 964 986 Romanos
998 943 1055 1000 (A
1069 949 1102 985 V

229 1011 307 1058 47.
339 1031 472 1058 VAsTA
503 1030 777 1057 BELLATORVM
803 1015 1047 1070 TVMVLTVM]
1106 1018 1284 1056 Clamore
1310 1018 1465 1067 bellico,

109 1081 154 1116 ut
186 1073 321 1131 (VergJ.
345 1091 470 1127 yeory.
498 1079 517 1115 I
544 1079 640 1115 464.
670 1073 792 1130 465):

681 1160 823 1199 Caecos
855 1162 1003 1198 instare
1036 1161 1230 1198 tumultus
1492 1168 1534 1198 15

324 1220 448 1270 Saepe
480 1222 615 1258 monet
650 1215 754 1272 (AV

229 1310 306 1354 48.
339 1327 448 1352 FANA
478 1326 584 1352 Dnos
616 1326 807 1353 HABVERE
838 1310 1014 1365 macros]
1067 1314 1131 1351 Ita
1161 1314 1260 1351 recti
1293 1314 1348 1350 dii
1373 1327 1462 1362 pro-

109 1375 201 1423 pitii
233 1377 278 1412 ut
310 1375 439 1412 auersi
471 1375 564 1411 irati
597 1374 840 1422 dicebantur,
872 1376 917 1410 ut
949 1369 1086 1426 (Very.
1107 1372 1204 1410 Aen.
1233 1373 1252 1410 I
1279 1369 1403 1425 482):

288 1457 394 1494 Diua
426 1457 509 1495 solo
540 1456 636 1494 fixos
669 1457 801 1494 oculos
834 1452 1040 1507 a[d]uersa
1071 1456 1233 1493 tenebat
1265 1450 1369 1508 (AV

228 1546 305 1590 49.
339 1563 509 1588 TANDEM
528 1562 726 1589 PERFIDVS
747 1547 973 1601 HANNIBAL]
1007 1549 1108 1595 Quia
1127 1551 1251 1599 ipsius
1272 1550 1462 1588 instinctu
1489 1558 1534 1589 20

108 1612 198 1660 post
229 1611 402 1660 primum
433 1610 581 1648 bellum
613 1611 749 1647 fractis
782 1611 890 1659 pacis
924 1609 1214 1647 conditionibus
1246 1610 1288 1646 in
1312 1609 1461 1647 bellum

107 1670 279 1707 reditum
311 1671 370 1707 est
402 1664 460 1722 (A
471 1670 505 1706 V

229 1735 304 1779 50.
358 1751 478 1779 CERVI
514 1752 707 1779 LVPORVM
739 1735 923 1790 PRAEDA]
980 1738 1100 1783 Quasi
1132 1739 1369 1776 Hannibalis
1402 1739 1461 1776 fu-

108 1799 251 1850 gientis
278 1800 497 1837 orationem
523 1800 637 1850 fingit
663 1799 713 1836 ad
738 1799 885 1836 milites
912 1810 1014 1846 suos,
1044 1811 1122 1846 qua
1149 1798 1271 1835 dicat:
1304 1797 1460 1848 Pugna-

229 1927 246 1956 1
275 1922 438 1957 afrorum
458 1923 502 1968 p]
530 1924 672 1957 asti-orsi
700 1923 735 1956 A
762 1921 936 1956 affrorum
965 1923 1013 1957 Vc
1129 1926 1148 1956 2
1174 1922 1382 1956 uocabatur
1407 1923 1458 1968 A]

108 1970 304 2004 dicebatur
332 1971 366 2005 V
467 1974 486 2003 3
514 1981 536 2004 a
556 1971 600 2015 p]
627 1971 725 2004 omis.
749 1971 842 2005 AVc
947 1973 964 2002 7
994 1969 1138 2003 cladem
1164 1970 1245 2004 edit.
1267 1970 1353 2015 τιεί]
1379 1969 1459 2003 lau-

108 2017 192 2052 dem
218 2018 343 2062 AVep
488 2020 507 2050 8
535 2017 721 2051 annibalis
749 2018 783 2050 A
929 2020 948 2050 9
977 2016 1191 2061 Scoundisq.
1214 2018 1250 2051 A
1285 2017 1458 2051 secundis

106 2075 224 2108 usque
246 2066 294 2100 Vc
296 2077 325 2109 p
423 2064 525 2098 drusi
544 2064 643 2098 idest
663 2064 727 2107 qui
750 2065 781 2098 V
877 2068 917 2097 11
940 2064 1175 2099 hasdrubale
1201 2064 1378 2098 asdrubal
1392 2066 1427 2098 A
1430 2076 1459 2108 p

106 2111 302 2146 hastrubal
330 2113 364 2147 V
480 2122 501 2145 a
526 2122 661 2145 nerone
688 2113 725 2145 et
751 2111 802 2156 A]
829 2112 866 2145 et
893 2123 914 2145 a
939 2122 1075 2146 nerone
1103 2113 1182 2156 ch
1303 2111 1458 2146 anniba-

107 2159 181 2193 lem
196 2160 231 2193 A
235 2170 263 2203 p
359 2161 552 2202 tamquam
566 2159 633 2204 K]
648 2159 723 2192 iam
738 2159 838 2192 codd.
939 2163 980 2192 12
996 2160 1181 2193 mortuum
1198 2159 1292 2204 ch]
1307 2169 1407 2192 more
1423 2159 1459 2192 A

107 2206 315 2240 marcidum
346 2207 398 2241 ed.
421 2211 487 2240 vet.
522 2207 663 2240 motum
690 2206 877 2249 Ham‘hal,
911 2206 955 2248 cf,
984 2218 1010 2241 e.
1032 2206 1098 2240 IIII
1121 2210 1174 2249 14,
1198 2210 1257 2240 18:
1290 2206 1400 2239 morti
1430 2206 1464 2240 V

107 2258 207 2295 recte,
232 2264 333 2287 more
360 2254 395 2287 A
414 2254 510 2296 falso
639 2252 780 2297 fugisse
807 2254 977 2288 Hauthal
1105 2257 1146 2287 13
1174 2255 1300 2287 lemma
1326 2253 1459 2286 rectius

108 2300 149 2334 in
170 2301 216 2335 V:
240 2302 392 2334 uastata
416 2313 451 2345 p.
472 2302 498 2335 t.
624 2303 666 2334 15
688 2311 802 2334 caecos
817 2302 861 2346 p]
889 2311 993 2335 cecos
1014 2302 1107 2336 AVc
1230 2304 1271 2333 16
1299 2310 1397 2343 saepe
1412 2300 1456 2344 p]

108 2348 181 2382 s.V
201 2358 287 2392 sepe
314 2349 375 2383 Ac
518 2348 612 2383 m.V
714 2351 755 2382 19
783 2358 814 2382 a.
836 2349 908 2383 t.V
999 2352 1042 2382 21
1071 2347 1352 2382 condicionibus
1381 2347 1411 2382 V

1174 2411 1216 2440 22
1227 2406 1243 2424 ²³²
