1664 2563
126 985 168 1015 10

126 1281 168 1310 15

125 1575 169 1606 20

127 1870 170 1901 25

192 70 279 111 240
635 69 885 107 EXPOSITIO
910 70 963 106 IN
987 71 1103 110 HOR.

192 181 290 221 Aen.
316 183 374 220 VI
401 178 524 235 397):

368 242 422 279 Hi
454 242 654 280 dominam
685 242 790 280 Ditis
821 243 997 281 thalamo
1030 242 1217 281 deducere
1249 242 1379 281 adorti

193 308 251 365 (A
260 310 386 350 ΓάΕ
398 314 434 351 V
449 313 559 361 paul.
586 314 670 351 sim.
691 314 712 351 b

313 372 506 411 Cohibent
537 367 687 425 (ch)]
743 372 990 422 Reprimunt,
1021 373 1296 424 constringunt
1327 367 1427 425 (ΓΤ
1436 373 1473 411 V

721 619 877 659 GARM.
904 621 966 659 III
993 623 1017 659 5

567 712 626 766 [m
658 727 855 753 HONOREM
887 727 1063 754 AVGVSTI
1094 710 1168 768 (A]

313 811 481 836 METRVM
512 810 731 847 ALCAICVM,
763 811 815 836 VT
849 810 977 837 SVPRA
1009 793 1216 851 (ABI'ocb

317 852 359 896 l.
400 869 531 896 CAELO
564 869 784 895 TONANTEM
817 869 850 895 c.
877 854 921 909 1.]
972 857 1153 895 Lucanus
1185 852 1266 910 (HI
1293 858 1389 895 319.
1417 852 1540 910 320):

780 916 855 955 Per
885 917 1053 955 fulmina
1083 919 1240 955 tantum

409 975 536 1014 Sciret
567 976 692 1014 adhuc
724 977 851 1014 solum
883 976 991 1014 caelo
1022 989 1186 1026 regnare
1217 978 1431 1014 tonantem.

195 1035 300 1086 Ergo
332 1036 365 1072 si
396 1036 543 1084 famae,
575 1036 723 1084 inquit,
753 1038 910 1073 tantum
942 1035 988 1073 de
1019 1035 1125 1073 Iouis
1156 1035 1429 1086 magnitudine
1459 1047 1540 1073 cre-

196 1094 334 1143 dimus,
368 1097 516 1143 quanto
547 1096 674 1145 magis
706 1094 752 1132 de
778 1094 949 1145 Augusti
976 1094 1186 1132 diuinitate
1212 1094 1445 1132 credendum
1470 1096 1540 1143 est,

196 1155 306 1192 cuius
338 1154 528 1192 uirfsutem
560 1156 599 1191 et
629 1155 849 1204 potentiam
880 1166 958 1192 non
985 1152 1113 1191 audiri
1140 1154 1291 1201 asserit,
1323 1153 1390 1191 sed
1414 1153 1541 1191 uideri

197 1207 311 1265 (AF
313 1214 366 1250 ab
374 1214 399 1260 f
408 1214 444 1250 V
467 1225 510 1251 ex
535 1213 673 1261 Porph.
702 1216 847 1261 eoecepto
872 1214 980 1250 initio

315 1270 420 1311 Ordo
465 1274 540 1310 est:
590 1273 792 1323 Augustus
837 1272 999 1310 adiectis
1037 1271 1259 1310 Brittannis
1300 1272 1465 1322 imperio
1502 1274 1542 1309 et

195 1331 382 1381 grauibus
415 1331 542 1370 Persis
573 1332 783 1369 habebitm·
813 1343 996 1381 praesens
1028 1331 1142 1369 diuus
1176 1325 1476 1384 (P'(yabfv)V

316 1385 359 1429 3.
409 1387 675 1441 ADIECT1<s>J
730 1390 952 1439 Adquisitis
986 1385 1164 1442 (As'bf

314 1461 504 1487 Aninc‘ris
554 1446 814 1501 BRITTANNIS]
876 1449 950 1487 Per
997 1450 1068 1487 has
1118 1451 1252 1500 gentes
1303 1449 1351 1486 ab
1400 1449 1541 1487 ultimo

197 1507 406 1546 Occidente
447 1522 569 1558 usque
609 1509 658 1546 ad
691 1508 890 1547 Orientem
928 1509 1176 1547 continuasse
1212 1509 1422 1558 imperium
1451 1520 1541 1558 pro-

197 1569 347 1605 uincias
404 1568 646 1618 adquirendo
701 1567 907 1606 confirmat
954 1568 1178 1618 Augustum
1228 1562 1286 1619 (A
1299 1567 1442 1614 Fabf
1448 1567 1490 1604 E
1510 1566 1546 1604 V

197 1638 240 1665 ex
264 1627 405 1676 Porpk.

317 1686 360 1725 4.
394 1698 676 1729 GRAVIBVSQVE
703 1682 861 1737 PERSIS]
907 1684 1136 1724 Pernitiosis
1161 1698 1233 1735 pro
1258 1687 1384 1723 morte
1411 1683 1542 1723 Crassi

198 1748 235 1782 et
268 1742 439 1796 c<a>ede
472 1746 738 1784 Romanorum
771 1740 961 1797 (AF'bV

317 1799 360 1843 6.
412 1816 554 1843 TVRPIS
585 1800 781 1855 MARITVS]
837 1803 938 1848 Quia
970 1804 1150 1853 captiuus
1183 1798 1328 1856 (As'b

321 1859 343 1869 a:

325 1875 361 1901 a.
394 1875 472 1901 PRO
507 1859 645 1915 CVRLa]
695 1864 942 1901 Exclamatio
975 1863 1143 1901 dolentis
1176 1858 1291 1913 [est]:
1323 1874 1395 1912 pro
1420 1862 1541 1909 curia,

318 1992 337 2021 2
363 1987 529 2022 thamalo
555 1989 592 2023 A
724 1991 745 2021 4
772 1987 1030 2032 constringunt
1054 1987 1165 2033 rfvc]
1193 1986 1381 2031 stringunt
1405 1986 1495 2030 pr

199 2038 218 2068 7
245 2036 287 2068 ut
313 2046 424 2078 supra
448 2036 607 2069 metrum
633 2034 815 2069 alcaicum
839 2035 875 2069 B
975 2038 1014 2068 11
1043 2034 1141 2068 fame
1167 2035 1202 2068 A
1300 2036 1343 2068 13
1369 2033 1449 2078 sed]
1477 2032 1542 2066 sed

198 2083 236 2116 et
255 2083 305 2125 bf
398 2086 439 2115 15
466 2084 522 2116 est
542 2083 658 2128 yocfc]
680 2083 847 2127 om.va
919 2081 1102 2115 britannis
1122 2080 1278 2125 imperio
1299 2080 1456 2114 adiectis
1469 2093 1493 2112 α

199 2129 399 2163 brittannis
414 2130 493 2175 yV]
515 2129 698 2163 britannis
714 2131 762 2165 bv
773 2141 792 2164 c
798 2141 824 2173 p
848 2128 1022 2163 brittanis
1036 2130 1059 2171 f
1148 2128 1227 2173 Ipio
1253 2128 1274 2162 b
1395 2129 1437 2160 19
1457 2137 1540 2170 pro-

198 2176 389 2210 uintiasA
486 2180 529 2210 22
561 2176 779 2220 perniciosis
809 2177 874 2211 rV
897 2176 1111 2220 pernitiosis
1142 2179 1217 2210 cett.
1315 2177 1358 2208 24
1390 2173 1479 2217 quia.
1503 2173 1540 2219 b]

199 2235 265 2258 om.
287 2227 362 2258 cett.
470 2227 513 2258 25
541 2223 701 2258 dolentis
728 2224 827 2270 curie
853 2224 909 2257 est
935 2223 1033 2267 quod
1060 2233 1131 2269 que
1155 2224 1234 2257 tam
1259 2234 1282 2255 α
1380 2220 1541 2255 dolentis

200 2272 256 2305 est
280 2282 346 2315 pro
373 2270 473 2304 curie
499 2271 539 2305 E
562 2270 639 2304 dol:
672 2282 738 2314 pro
765 2270 863 2305 curie
890 2271 924 2305 A
951 2270 1028 2304 dol:
1057 2270 1179 2304 curiae
1205 2270 1262 2303 est
1286 2279 1352 2312 pro
1378 2269 1436 2304 Pb
1462 2267 1539 2302 dol:

176 2323 180 2327 ’
201 2318 301 2352 curie
327 2318 463 2362 (curiae
483 2319 525 2362 p)
552 2319 608 2352 est
632 2319 741 2362 vap
