1664 2563
125 507 145 536 5

103 803 146 833 10

103 1100 146 1130 15

102 1395 148 1425 20

105 1737 150 1768 25

170 90 227 132 56
613 88 864 124 EXPOSITIO
889 89 942 123 IN
967 89 1078 124 HOR.

294 196 369 240 17.
401 197 530 252 VNDE]
563 198 641 253 [Ex
667 201 748 250 illo,
776 202 844 250 qui
870 203 1011 239 cuncta
1035 202 1243 251 temperat,
1267 197 1352 252 uel]
1379 214 1402 239 a
1427 213 1519 253 quo,

170 263 218 299 ut
248 261 449 312 Vergilius
482 256 598 314 (Aen.
617 261 653 297 V
681 255 803 313 801):

350 344 463 382 Vnde
496 356 618 393 genus
651 344 761 381 ducis
795 338 852 395 (A
861 341 910 381 Γ’
924 355 978 392 op
992 343 1103 391 paul.
1124 345 1208 382 sim.
1228 344 1367 392 Porph.

294 434 369 477 18.
413 450 491 475 NEC
535 451 658 476 VIGET
703 450 913 481 QVICQVAM
957 451 985 476 s.
1023 450 1059 477 A.
1094 434 1145 489 s.]
1208 437 1329 482 Quasi
1372 437 1523 475 diceret

171 498 308 538 Iouem
340 511 458 547 super
489 498 622 536 omnia
653 498 735 535 sine
768 499 1059 547 comparatione
1092 492 1306 550 (AF'oop

294 552 369 596 19.
402 568 605 594 PRoxmos
637 569 661 594 1.
690 570 724 593 T.
753 569 787 594 O.
814 570 848 594 P.
876 553 935 608 H]
984 557 1208 595 Proximam
1239 556 1347 594 Iouis
1378 556 1522 594 honori

170 616 395 655 Mineruam
433 616 548 664 dicit,
585 616 658 654 hoo
697 618 755 654 est
791 617 985 654 uirtutem
1017 618 1056 654 et
1087 617 1323 666 sapientiam
1354 615 1425 654 deo
1458 616 1520 652 ui-

173 677 320 723 cinam,
363 675 467 713 unde
505 675 617 712 nulla
654 676 834 724 quaestio
873 678 948 723 est,
993 688 1062 713 eur
1101 687 1221 724 supra
1258 674 1402 712 dixerit
1440 670 1522 711 ‘nil

172 735 261 773 Ioui
293 735 420 773 simile
453 736 524 772 aut
555 731 790 772 seeundum'
826 736 865 772 et
895 735 937 771 in
969 735 1147 783 sequenti
1178 734 1400 772 Mineruam
1431 745 1522 783 pro·

173 795 320 832 ximam
352 795 530 843 posuerit
562 788 618 846 (A
627 790 676 830 F'
690 805 789 831 cons.
804 808 824 831 o
834 805 889 842 op

293 849 530 904 SECVNDVM]
587 851 812 890 Secundum
851 854 1078 902 aruspicum
1110 852 1216 890 dieta
1246 852 1312 889 uel
1344 851 1523 901 disputa—

170 914 317 960 tiones,
356 914 425 961 qui
456 912 593 951 Iouem
630 913 817 961 primam,
855 912 1067 950 secundam
1106 914 1145 949 et
1175 912 1335 949 tertiam
1366 912 1523 961 partem

173 973 273 1010 caeli
305 972 433 1010 solum
464 972 607 1009 uolunt
637 972 679 1008 in
712 971 945 1009 fulminibus
977 973 1109 1009 tenere
1142 965 1444 1025 (AP'cmas.ep

293 1026 370 1069 ⁶21.
403 1027 652 1081 ²³=Pr<o>e1fis
686 1031 816 1068 audax
848 1025 924 1083 (0)]
964 1030 1101 1068 Nimia
1127 1031 1230 1068 enim
1255 1030 1342 1067 uini
1366 1029 1524 1079 potatio

175 1091 264 1129 lites
297 1092 460 1140 generat
491 1093 530 1127 et
562 1089 770 1127 audaciam
802 1085 937 1141 (F'op
958 1101 1091 1127 conso

294 1145 371 1188 ⁶2⁶2.
421 1160 580 1187 INIMICA
617 1161 741 1187 VIRGO
780 1145 836 1199 R]
898 1150 1069 1186 Dianam
1102 1148 1320 1186 studiosam
1351 1146 1525 1185 uenandi

174 1203 360 1261 (AF'cp

295 1262 371 1306 24.
404 1279 482 1305 NEC
510 1280 560 1304 TE
587 1280 626 1304 M.
651 1279 684 1304 c.
706 1280 740 1304 P.
763 1263 814 1318 s.]
846 1266 1072 1316 Apollinem
1099 1267 1247 1318 sagitta
1265 1264 1524 1303 metuendum

173 1323 363 1376 <propter
388 1323 681 1377 Amphionem>
714 1327 784 1375 qui
816 1339 904 1364 cum
930 1326 1021 1363 filiis
1048 1326 1274 1375 peremptus
1301 1326 1368 1362 est.
1418 1324 1526 1361 Nam

173 1386 371 1435 Apollinis
417 1387 456 1424 et
492 1385 645 1423 Dianae
683 1387 811 1423 certae
850 1387 889 1423 et
926 1385 1175 1423 ineuitabiles
1215 1384 1264 1422 ad
1300 1383 1525 1421 feriendum

174 1448 279 1494 sunt,
311 1447 450 1494 utpote
481 1446 666 1492 numinis,
698 1446 800 1482 siout
831 1447 889 1482 est
921 1439 1055 1497 (Vero.
1082 1442 1179 1482 Aen.
1200 1443 1279 1480 VH
1305 1437 1428 1495 498):

386 1528 469 1566 Neo
501 1529 660 1566 dextrae
693 1529 839 1567 erranti
871 1528 964 1565 deus
997 1528 1100 1565 afuit
1132 1521 1315 1579 (AF'cp
1335 1536 1469 1563 conso

295 1606 371 1650 ⁶25.
402 1622 640 1653 PVEROSQVE
667 1608 860 1661 LED<A>E
886 1623 924 1647 H.
946 1623 980 1647 E.
1002 1623 1025 1647 1.
1048 1621 1078 1647 s.
1099 1622 1133 1646 P.
1154 1605 1212 1660 N.]
1257 1608 1457 1647 Castorem
1484 1610 1527 1646 et

175 1670 395 1719 Pollucem,
433 1669 562 1708 Ledae
600 1670 700 1709 filios
741 1665 806 1722 (of.
832 1664 1003 1721 Porph.)
1065 1669 1294 1707 Amatorem
1333 1680 1522 1717 equorum

179 1728 381 1768 Castorem
412 1730 523 1778 dixit,
555 1732 600 1767 ut
632 1732 689 1767 est
721 1725 857 1782 (Verq.
881 1740 1005 1776 yeory.
1032 1728 1093 1765 ΠΙ
1120 1721 1212 1780 89):

297 1858 314 1888 1
343 1864 387 1888 ex
408 1875 451 1879 —-
471 1854 532 1888 uel
558 1853 663 1898 P'cp
689 1865 753 1889 om.
775 1854 811 1888 A
956 1863 977 1886 a
1009 1863 1081 1896 quo
1113 1852 1368 1895 temperantur
1399 1849 1525 1884 omnia

175 1902 218 1934 ut
243 1914 264 1935 ν
362 1905 381 1934 2
401 1901 501 1946 uirg:
529 1902 629 1936 codd.
729 1905 748 1935 3
770 1900 888 1945 ducis]
913 1900 1016 1934 ducis
1043 1901 1080 1933 et
1105 1909 1221 1944 genus
1246 1898 1344 1931 unde
1363 1897 1525 1931 latinum

177 1949 235 1991 (=
264 1948 364 1992 Very.
386 1949 476 1983 Aen.
497 1948 514 1982 Ι
534 1950 568 1993 ὃ)
594 1960 643 1992 cp
751 1951 772 1981 4
799 1947 953 1992 diceret]
982 1947 1027 1980 ds·
1057 1948 1093 1981 et
1119 1947 1176 1990 (z
1199 1945 1336 1979 dicitur
1362 1946 1411 1988 et)
1437 1945 1473 1978 A

177 1998 198 2029 8
225 1995 370 2038 questio
390 1996 426 2030 A
524 1999 542 2029 9
571 1998 636 2029 aut
661 1996 780 2040 rave]
809 1997 846 2029 et
870 1996 995 2039 Ayop
1091 1993 1206 2038 etin]
1235 1994 1272 2027 et
1297 2003 1362 2026 0111·
1386 1991 1424 2025 in
1450 2004 1474 2024 α

176 2042 384 2086 proximam
409 2043 459 2087 A]
488 2054 553 2077 om.
580 2042 718 2086 F'occp
863 2046 906 2075 12
941 2041 1062 2085 prima
1087 2042 1123 2075 A
1268 2042 1310 2073 13
1343 2038 1413 2072 celi
1438 2038 1474 2072 A

179 2092 222 2123 16
243 2088 394 2123 dianam
415 2089 507 2123 dicit
521 2103 542 2123 v
638 2089 800 2123 uenandi
828 2088 920 2123 dicit
945 2099 996 2132 cp
1112 2091 1154 2121 18
1181 2086 1382 2131 apollinem
1401 2106 1446 2110 —
1466 2085 1524 2118 est

178 2147 244 2172 om.
266 2149 287 2170 v
387 2139 429 2170 19
462 2137 526 2180 qui
559 2147 642 2170 oum
674 2137 760 2170 filiis
792 2137 1006 2181 peremptus
1038 2136 1094 2169 est
1119 2134 1207 2179 rep]
1236 2133 1299 2177 qui
1326 2143 1410 2166 cum
1434 2131 1522 2165 filiis

177 2182 380 2228 peremptis
407 2185 463 2218 est
488 2185 523 2217 A
559 2194 641 2217 cum
668 2184 801 2228 quibus
827 2183 959 2227 phiton
984 2182 1054 2215 Per
1079 2183 1224 2225 emptus
1250 2182 1339 2223 esty
1370 2180 1523 2223 propter

177 2230 289 2265 niobe
324 2241 419 2274 quae
451 2242 534 2264 cum
566 2230 652 2264 filiis
679 2231 754 2265 suis
780 2231 973 2275 perempta
999 2231 1055 2263 est
1081 2241 1099 2262 ο
1244 2230 1288 2260 20
1315 2228 1413 2260 certe
1438 2227 1474 2260 A

179 2293 222 2381 (22
250 2289 434 2381 dixtressi)
474 2338 495 2371 4
541 2288 636 2323 afuit
662 2290 726 2334 K.]
755 2289 863 2323 affuit
893 2290 993 2323 ΑΓο
1033 2286 1154 2321 abfuit
1179 2297 1227 2330 ep
1371 2289 1415 2319 25
1440 2276 1483 2319 ut
1503 2286 1523 2319 ὃ

194 2355 237 2366 --
257 2349 281 2370 11
303 2347 340 2371 er
366 2347 403 2371 es
461 2361 476 2371 i
