1664 2563
679 90 824 126 CARM.
842 90 910 124 1111
931 94 951 123 4
1407 89 1491 131 341

138 203 245 242 tibus
290 204 433 241 armati
476 203 726 252 prodierunt⁷
771 215 816 239 ex
856 202 997 251 quibus
1037 202 1189 251 aliquos
1228 203 1268 239 in
1308 203 1496 240 societate

140 262 367 302 condendae
399 262 507 300 urbis
541 261 711 300 Cadmus
744 261 890 299 dicitur
924 262 1137 300 adseiuisse
1170 256 1274 313 (AV

258 328 336 372 64.
368 344 646 371 ECHIONIAEVE
679 329 861 383 THEBAE]
912 332 974 370 Ab
1002 332 1175 370 Echione
1202 332 1395 381 conditae,
1429 333 1496 381 qui

138 393 217 431 fuit
247 395 361 443 pater
393 392 570 440 Penthei,
603 405 721 442 gener
753 391 892 429 Cadmi
926 386 1030 444 (AV

259 459 336 502 65.
393 474 550 500 MERsEs
594 459 832 513 PRonxno]
897 463 938 500 Si
982 463 1216 501 mersaueris
1261 463 1496 511 Romanum,

137 524 207 571 ait,
238 523 380 561 fortior
411 522 473 571 fit3
517 524 575 560 ita
608 525 739 559 autem
771 522 844 560 hoc
876 522 1040 559 uerbum
1073 522 1311 560 declinatur:
1355 534 1497 570 merSO,

137 594 297 631 mersas,
329 584 375 619 ut
407 576 544 633 (Very.
567 593 694 629 ῃθονῃ.
720 581 740 618 Ι
767 576 890 634 272);

351 665 495 702 Flnuio
528 677 698 702 mersare
733 664 880 702 salubri
915 659 1019 717 (AV

257 771 491 798 PVLCHRIOR
524 756 691 810 EVENIT]
748 760 896 797 Existit
929 755 1033 812 (AV

260 826 336 869 66.
376 842 515 869 MVLTA
546 827 753 881 PRORVET]
810 831 918 868 Idest
950 832 982 868 si
1015 831 1237 869 Romanuin
1269 830 1496 879 prouocaris

139 890 188 927 ad
221 891 524 938 contentionem,
558 891 741 939 quamuis
774 890 990 928 multorum
1023 891 1151 928 uictor
1184 891 1273 938 eris7
1305 890 1422 927 facile
1449 890 1497 926 ab

137 949 206 987 illo
240 948 486 998 superaberis
520 943 625 1001 (AV

258 1016 465 1070 PRORVET]
529 1020 713 1068 Eum-tet,
751 1021 901 1069 uincet,
934 1023 979 1057 ut
1012 1015 1149 1071 (Very.
1173 1031 1299 1067 φρογς).
1326 1019 1345 1056 Ι
1372 1015 1497 1070 481):

319 1102 487 1141 Proruet
519 1103 658 1141 insano
691 1105 952 1152 contorquens
985 1103 1133 1140 uertice
1166 1103 1286 1140 siluas
1321 1097 1425 1155 (AV

256 1194 487 1249 INTEGRVM]
537 1199 642 1236 Ante
673 1211 753 1236 non
784 1199 936 1236 uictum
970 1194 1073 1250 (AV

257 1264 334 1307 68.
367 1280 544 1306 PRAELIA
578 1280 821 1307 CONIVGIBVS
848 1265 904 1319 L.]
954 1269 1038 1306 Aut
1063 1281 1135 1318 pro
1161 1268 1277 1306 laude
1304 1269 1496 1306 uictoriae

136 1328 342 1366 referenda
375 1328 607 1378 coniugibus
635 1331 704 1366 aut
729 1341 801 1378 pro
826 1329 1060 1367 maritorum
1088 1329 1236 1365 uirtute
1264 1327 1497 1378 coniugibus

136 1387 336 1424 narranda
370 1383 473 1440 (AV
495 1389 542 1435 cf.
567 1388 706 1435 Porph.

258 1441 335 1485 69.
368 1458 441 1483 IAM
473 1458 554 1485 NON
587 1458 668 1484 EGO
701 1443 895 1498 vimos]
949 1447 1089 1484 Adhuc
1122 1447 1232 1484 uelut
1258 1446 1496 1484 Hannibalis

140 1505 262 1543 uerba
294 1508 403 1553 sunt3
435 1508 568 1543 tamen
600 1507 713 1543 iuxta
744 1506 934 1544 historiae
966 1505 1082 1544 fidem
1115 1507 1201 1544 uiso
1233 1505 1496 1543 Hasdrubalis

138 1565 268 1614 capite
313 1565 354 1602 in
398 1565 494 1603 haee
539 1565 672 1603 dolore
717 1565 824 1603 dieta
868 1565 1070 1603 Hannibal
1115 1565 1262 1603 dieitur
1305 1566 1496 1614 erupisse:

319 1647 503 1698 Agnosco
535 1650 586 1697 te,
622 1650 782 1686 fortuna
817 1647 1067 1699 Carthaginis

139 1739 243 1794 (AV
257 1743 370 1790 paul.
396 1743 480 1781 sim.
507 1744 646 1791 Porplz.

259 1918 275 1947 1
305 1915 484 1948 societate
510 1915 652 1960 Ach]
680 1914 898 1948 societatem
925 1915 1006 1949 edit.
1034 1918 1102 1948 πει.
1204 1919 1222 1949 2
1247 1914 1393 1949 {dende
1413 1917 1448 1949 A

138 1965 158 1994 3
186 1961 234 1995 Et
271 1961 420 2008 ionieue
458 1961 591 1996 thebas
618 1963 654 1995 A
801 1965 844 1995 10
881 1962 1145 2006 prouocaueris
1173 1963 1208 1998 V
1349 1967 1389 1996 11
1425 1962 1496 1997 eris

137 2009 221 2043 edit.
250 2009 336 2054 net]
363 2008 417 2043 eis
449 2010 503 2051 A,
541 2010 655 2043 locum
688 2020 754 2044 om.
777 2020 811 2051 c,
847 2009 896 2042 sis
926 2010 984 2053 Vp
1133 2013 1174 2044 13
1202 2011 1346 2044 enei-tet
1374 2010 1423 2055 V]
1450 2013 1496 2043 εὖ

136 2057 174 2090 te
199 2057 234 2090 A
366 2059 408 2090 16
434 2056 616 2090 uictoriae
645 2057 720 2102 Vp]
746 2056 903 2090 uietorie
930 2058 992 2091 Ac
1118 2059 1160 2090 19
1186 2057 1401 2091 hannibalis
1431 2057 1495 2103 Vc]

137 2103 324 2138 annibalis
360 2104 428 2148 Ap
573 2106 617 2137 20
655 2103 894 2138 hasdrubalis
927 2104 1004 2149 Ac]
1042 2103 1271 2139 hastrubalis
1300 2106 1335 2140 V
1367 2104 1496 2138 asdru-

136 2150 232 2185 balis
260 2162 289 2194 p
435 2155 477 2184 21
511 2150 604 2185 haee
643 2150 768 2185 dolore
807 2151 910 2185 dieta
942 2152 994 2197 A]
1032 2152 1125 2186 haee
1164 2152 1266 2186 diota
1305 2151 1431 2186 dolore
1448 2153 1497 2186 Vc

136 2197 216 2232 haec
242 2198 368 2233 dolore
384 2209 412 2242 p
508 2197 691 2232 hannibal
707 2199 757 2243 V]
785 2198 938 2232 annibal
962 2201 1029 2242 Ap
1054 2199 1209 2234 hanibal
1230 2211 1248 2234 c
1345 2203 1388 2232 22
1417 2209 1495 2232 ear-

135 2245 276 2290 taginis
296 2247 345 2288 V‚·
370 2245 415 2288 cf.
438 2245 574 2280 Liuius
599 2244 735 2280 XXVII
755 2250 816 2279 51:
843 2245 1046 2289 Hannibal,
1073 2248 1178 2281 tanto
1207 2246 1317 2281 simul
1342 2246 1494 2290 publico

137 2291 390 2337 familiarique
429 2293 525 2327 ictus
564 2292 684 2336 luctu,
725 2303 925 2338 agnoscere
965 2304 1002 2328 se
1035 2294 1224 2328 fortunam
1256 2293 1494 2338 Carthaginis

136 2339 255 2374 fertur
283 2340 420 2374 dixisse

1526 837 1568 867 10

1526 1204 1568 1235 15

1524 1513 1568 1542 20
