1664 2563
147 428 167 457 5

126 724 168 754 10

126 1022 168 1052 15

125 1318 170 1349 ‘20

198 66 251 107 16
641 65 894 100 EXPOSITIO
919 65 971 100 IN
995 65 1107 100 HOR.

313 177 504 216 *Samnio
526 173 569 231 (a
578 173 668 231 effi]
701 177 831 216 Genus
856 179 1087 216 ferramenti
1104 179 1257 228 rustici,
1282 179 1387 228 quod
1407 178 1547 218 Graeci

195 237 397 276 σκαλίδιου
428 240 574 276 uocant
606 232 865 290 (F'(rav)cp

316 292 391 336 12.
423 308 638 335 ATTALIOIS
666 294 1000 349 CONDITIONIBVS]
1032 298 1194 336 Attalus
1214 298 1547 348 Pergamenorum

192 371 260 395 rex
299 357 518 395 ditissimus
557 357 650 405 fuit,
689 358 754 394 cui
790 359 951 406 propter
982 371 1102 407 opum
1132 358 1448 408 magnitudinem
1478 371 1546 407 po·

193 418 310 467 pulus
339 417 539 454 Romanus
570 418 808 454 testamento
841 418 1028 455 successit
1060 412 1235 470 (Arvcp
1255 418 1493 465 simPorph.

317 471 393 515 13.
425 476 669 525 *Nunquam
700 476 899 514 dimoveas
933 471 1021 530 (p)]
1053 477 1161 515 Idest
1188 478 1309 514 etiam
1329 478 1362 515 si
1382 477 1547 515 diuitiae

193 537 298 586 regis
308 536 435 573 Attali
455 532 818 586 pr<a>eponantur,
839 549 1055 585 numquam
1070 537 1274 574 dimoueas
1287 536 1402 574 illum
1416 531 1456 589 (r
1466 548 1548 584 vop

315 607 446 632 TRABE
484 591 650 646 CYPRIA]
692 594 877 644 Cypriam
915 595 1067 633 trabem
1106 596 1267 633 abusiue
1305 597 1438 645 posuit
1476 609 1547 646 pro

195 668 460 704 quacumque,
499 655 582 692 siue
621 655 715 704 quia
753 655 966 692 ualidiores
1003 655 1087 693 illic
1117 655 1219 692 fiunt
1252 649 1400 707 (Arvp
1421 667 1549 693 consue

317 709 392 753 14.
426 726 624 752 MYRTOVM
657 710 787 765 MARE]
819 714 855 751 A
874 714 1037 763 Myrtilo
1064 715 1202 765 auriga
1222 715 1305 752 siue
1323 715 1549 753 uictimario

195 773 369 823 Pelopis,
416 787 532 823 quem
571 786 659 812 cum
697 773 1034 822 deprehendisset,
1079 774 1183 822 quod
1222 786 1311 812 axes
1350 786 1440 812 suos
1467 787 1549 812 cor-

194 835 356 882 ruperat
386 835 427 870 in
448 830 797 883 Hippodami<a>e
830 835 1053 882 certamine,
1085 834 1128 870 in
1146 833 1310 884 pelagus
1330 847 1419 871 eum
1437 846 1550 882 prae-

196 894 397 942 cipitauit,
443 906 488 930 ex
533 895 642 930 cuius
686 893 880 942 supplicio
918 905 1026 930 mare
1063 906 1206 930 nomen
1244 893 1397 942 accepit
1435 888 1551 946 (AF'

216 953 292 999 rfv
323 964 371 1000 cp

197 948 212 1004 (
295 947 422 1048 )*Seu
455 1024 477 1048 a
508 1011 660 1049 Venere
692 1014 854 1061 propter
885 1013 1066 1059 mirtum,
1097 1025 1176 1049 non
1209 1024 1232 1048 a
1263 1012 1426 1060 Mirtilo,
1457 1024 1550 1049 nam

196 1072 416 1109 Mirtiloum
448 1071 643 1109 diceretur
675 1067 717 1123 (v
727 1083 776 1118 cp
802 1071 1089 1118 aliquantulum
1114 1072 1197 1108 sim.
1216 1071 1331 1119 yloss.
1351 1084 1374 1108 r

314 1130 519 1168 *Pauidus
552 1125 662 1183 (cp)]
695 1130 903 1180 Proprium
935 1131 1138 1180 epitheton
1171 1132 1384 1168 nautarum
1416 1125 1513 1183 (rep

317 1186 392 1229 15.
425 1202 671 1228 LVCTAN'PEM
703 1186 950 1241 AF[F]RICVM
981 1202 1204 1227 MERCATOR
1235 1185 1444 1241 METVENS]
1469 1189 1548 1227 Me-

195 1252 309 1288 tuens
354 1252 631 1299 tempestatem
668 1251 762 1287 tunc
800 1250 939 1287 laudat
977 1251 1104 1287 otium
1141 1250 1181 1287 et
1218 1262 1374 1300 agrum,
1417 1251 1551 1287 tamen

198 1310 316 1346 auelli
349 1322 372 1346 a
403 1311 564 1359 nauigio
605 1311 743 1358 postea
781 1322 860 1347 non
897 1311 1044 1358 potest,
1089 1322 1177 1346 cum
1215 1310 1353 1346 timere
1391 1309 1552 1346 desierit

201 1364 375 1420 (Arvep

318 1498 335 1527 1
363 1494 495 1539 genus]
523 1494 664 1538 species
690 1507 711 1528 ν
738 1492 904 1527 sarculus
931 1503 1047 1538 genus
1068 1504 1086 1528 c
1134 1493 1265 1527 rustici
1289 1492 1507 1527 ferramenti
1527 1506 1551 1526 α

196 1541 328 1575 rustici
354 1541 593 1575 instrumenti
618 1553 637 1575 r
686 1541 812 1585 graeci
828 1541 871 1586 p]
897 1541 998 1585 greci
1023 1551 1042 1574 c
1068 1540 1137 1586 gfff
1153 1554 1174 1574 ν
1201 1551 1309 1585 grece
1329 1553 1349 1575 r
1422 1544 1442 1577 2
1464 1551 1551 1574 σκα-

198 1586 318 1623 λίδιον
347 1589 543 1634 (jv-aquius]
571 1601 724 1632 τοραιοΝ
749 1599 766 1622 c
791 1588 921 1622 todion
946 1600 994 1623 rv
1020 1587 1174 1622 tondiON
1195 1602 1218 1621 α
1248 1587 1388 1623 Τὸδϊον
1409 1599 1438 1632 p
1463 1598 1550 1622 σκα-

199 1642 306 1680 φεῖον
346 1637 528 1681 Sem-inqar
566 1635 729 1681 σκάφιον
763 1636 962 1670 Fabricius
992 1641 1136 1678 τορεῖον
1168 1636 1227 1670 uel
1258 1641 1405 1679 τομεῑον
1436 1635 1506 1669 alii

197 1684 350 1730 uocant]
379 1684 516 1718 dicitur
535 1696 554 1718 r
670 1687 690 1717 3
711 1694 819 1728 perg:
845 1683 925 1729 rex]
951 1693 1016 1717 rex
1041 1693 1149 1728 perg:
1176 1693 1220 1718 rc
1291 1693 1552 1728 pergamorum

200 1743 264 1773 rv,
291 1736 381 1767 reete
407 1733 474 1775 Ap
524 1736 545 1765 4
571 1731 645 1765 fuit
671 1731 877 1764 ditissimus
902 1743 922 1764 *r
973 1734 991 1764 7
1018 1731 1272 1775 preponantur
1292 1731 1365 1773 Ar,
1391 1740 1550 1775 propon:

200 1790 293 1823 vop,
327 1779 398 1812 sibi
431 1779 515 1814 add.
543 1790 592 1823 cp
702 1782 722 1812 8
750 1778 867 1823 cipria
892 1779 929 1813 A
979 1778 1146 1822 cypriam
1177 1777 1338 1823 trabem]
1367 1788 1436 1812 om.
1455 1788 1505 1821 cp

200 1826 355 1870 cipriani
382 1827 446 1860 Av
545 1830 564 1859 9
597 1826 701 1872 quia]
729 1826 828 1871 quod
855 1839 875 1860 ν
949 1825 1044 1859 fiunt
1069 1826 1147 1871 Ar]
1175 1826 1261 1859 sunt
1285 1836 1335 1869 cp
1360 1825 1446 1858 sunt
1471 1824 1551 1858 siue

199 1874 292 1908 fiunt
320 1887 341 1907 ν
367 1879 408 1908 ut
432 1874 508 1908 uid.
587 1878 629 1907 10
649 1874 825 1908 mirtoum
846 1874 881 1908 A
906 1884 1097 1918 myrcoum
1123 1886 1143 1907 ν
1192 1871 1333 1907 mirtilo
1353 1872 1440 1906 Arc
1464 1871 1552 1906 mir-

199 1944 276 1978 tolo
292 1956 320 1988 p
370 1945 448 1978 siue
461 1945 567 1990 Aep]
582 1946 705 1988 oum-f
707 1959 727 1979 ν
777 1944 990 1979 uictimario
1011 1944 1109 1990 edit]
1129 1921 1253 1978 uicirio
1278 1942 1384 1977 nario
1403 1942 1439 1976 A
1464 1953 1554 1977 unc-

203 1992 366 2026 cionario
392 1993 415 2034 f
434 1992 659 2027 uitmonorio
685 2004 713 2035 c,
740 2003 806 2027 om.
833 2004 894 2036 η),
922 1992 1056 2026 lacuna
1075 2005 1115 2035 νς
1150 1992 1195 2034 cf.
1216 1991 1322 2026 schol.
1347 1989 1551 2024 Germanic.

200 2041 305 2074 Arat.
335 2051 371 2082 p.
396 2043 439 2072 74
466 2040 614 2085 Bam.-
651 2040 776 2074 Etiam
807 2039 1018 2084 Aegiochus
1056 2038 1283 2083 appellatur,
1325 2037 1392 2071 alii
1423 2036 1554 2070 dicunt

205 2087 429 2130 agitatorem
462 2086 671 2130 Myrtilum,
712 2087 888 2121 Mercurii
920 2086 1055 2128 filium,
1095 2085 1274 2120 Oenomai
1307 2084 1493 2129 aurigam,
1531 2095 1553 2118 a

200 2136 306 2178 patre
340 2134 449 2168 astris
476 2134 636 2168 inlatum
753 2138 793 2168 11
822 2134 966 2178 pelopis
982 2155 1025 2159 —
1040 2133 1098 2179 ex]
1127 2132 1296 2167 oenomai
1321 2144 1342 2167 r
1437 2131 1552 2177 quod]

201 2181 290 2225 quia
316 2195 336 2215 ν
484 2185 524 2215 12
553 2182 766 2226 ippodamie
792 2182 877 2224 Afc
901 2180 1141 2225 hippodamie
1157 2194 1178 2214 ν
1203 2184 1244 2214 ut
1268 2179 1345 2214 uid.
1358 2178 1552 2223 hyppoda-

200 2229 275 2263 mie
286 2240 312 2272 p
387 2233 429 2262 15
449 2228 590 2263 mirtilo
611 2230 673 2274 vc]
699 2229 884 2273 mirtolop
959 2231 1001 2262 16
1022 2227 1227 2261 mirtiloum
1247 2240 1267 2261 ν
1293 2225 1514 2260 mirtilioum
1534 2237 1552 2260 c

200 2275 413 2310 mirtoleum
434 2288 462 2320 p
561 2280 602 2310 17
630 2277 820 2321 proprium
845 2276 878 2321 c]
904 2275 1052 2320 proprie
1073 2287 1102 2319 p
1127 2286 1192 2309 om.
1214 2286 1234 2309 r
1316 2277 1358 2308 19
1384 2275 1506 2318 tepest

201 2325 289 2357 tunc
316 2325 351 2358 A
449 2327 493 2357 20
521 2335 603 2357 cum
630 2324 715 2359 tim:
742 2324 840 2369 des:]
867 2335 931 2358 om.
953 2335 973 2357 r
999 2334 1017 2357 c
1043 2322 1095 2356 im
1120 2333 1158 2356 re
1185 2320 1338 2356 desierit
1358 2322 1394 2356 A
