1664 2563
79 90 111 124 X
614 88 886 123 PRAEFATIO

78 198 375 251 ‘conparauit’3
418 202 454 239 V
480 203 614 239 utrum
648 198 922 251 ‘conparauit’
956 215 1006 239 an
1040 198 1327 251 ‘comparauit’
1360 202 1441 249 uel,

77 263 314 311 ineptiorem
347 262 521 309 aliquam
553 261 762 299 lectionem
795 261 991 309 exhibeat,
1032 274 1111 299 non
1143 261 1322 299 diximus.

196 319 361 358 Omnem
392 322 560 368 textum,
600 321 730 369 quoad
761 320 846 358 fieri
875 322 1024 370 potuit,
1063 321 1113 358 ad
1144 321 1422 358 auctoritatem

75 380 169 417 libri
200 378 238 417 A
269 380 556 418 restituendum
588 392 669 418 esse
701 380 914 418 censebam.
976 380 1104 418 Huius
1136 381 1256 418 solius
1288 392 1421 418 omnes

76 440 195 477 attuli
226 440 424 487 lectiones,
457 452 501 476 ex
533 440 672 477 ceteris
706 452 801 488 quas
833 452 946 477 ueras
979 452 1059 477 esse
1086 439 1179 477 duxi
1203 440 1246 476 in
1271 440 1423 476 textum

77 499 235 548 admisi,
280 511 544 547 quascumque
587 500 745 548 praeter
782 511 845 537 eas
883 500 1103 536 memoratu
1141 499 1279 549 dignas
1318 498 1422 546 duxi,

77 571 140 596 eas
184 559 226 595 in
271 560 465 607 apparatu
509 559 645 596 critico
685 559 922 597 enumeraui.
984 557 1069 596 Hoc
1108 559 1240 596 autem
1277 559 1422 595 iterum

75 618 271 655 monitum
302 618 434 665 uelim,
466 630 513 654 ne
545 631 664 655 unam
697 618 854 666 quidem
885 618 1062 654 litteram
1094 630 1117 655 a
1147 630 1208 654 me
1239 618 1282 654 in
1313 617 1422 655 scho-

75 678 220 714 liorum
251 679 403 714 textum
434 679 631 726 receptam
664 690 756 723 esse,
788 678 866 715 nisi
897 689 942 714 ea
973 678 1015 713 in
1046 689 1123 714 uno
1150 677 1325 714 alteroue
1350 677 1422 713 mi-

75 738 227 773 nimum
259 749 393 773 eorum
425 736 601 773 codicum
632 736 782 774 tradita
814 737 882 783 sit,
917 748 1012 784 quos
1043 737 1086 772 in
1117 736 1422 783 uniuscuiusque

75 796 216 834 scholii
246 795 322 833 fine
354 796 574 844 nominaui,
612 797 642 833 ii
673 808 784 843 uero,
824 796 892 844 qui
924 796 1014 832 ante
1046 808 1116 833 nos
1147 795 1243 832 haec
1274 794 1423 833 scholia

76 855 298 902 ediderunt,
345 856 552 904 permultis
595 856 691 892 locis
736 856 818 893 sine
856 855 937 891 ullo
976 855 1157 903 scrupulo
1197 855 1266 892 aut
1303 853 1422 891 adno-

76 916 228 952 tatione
259 915 301 951 in
332 916 443 951 textu
476 915 628 962 aliquid
659 914 818 951 reddere
850 913 1040 961 solebant,
1074 913 1179 962 quod
1203 925 1251 950 ne
1277 914 1319 950 in
1344 925 1421 951 uno

76 974 234 1022 quidem
266 973 366 1011 libro
398 975 665 1022 manuscripto
699 974 853 1024 legitur.

194 1033 333 1071 Restat
376 1035 421 1070 ut
463 1033 791 1070 bibliothecarum
831 1033 1066 1080 Vaticanae,
1110 1031 1423 1082 Bambergensis,

75 1092 276 1140 Halensis,
320 1091 540 1140 Par-isinae,
584 1092 802 1140 Leidensis,
840 1092 1101 1139 Monacensis,
1139 1091 1422 1138 Dessauiensis,

75 1151 476 1199 VVolfenbuttelanae,
508 1151 839 1199 Leeuwardensis,
870 1151 1080 1201 Pragensis
1111 1150 1320 1199 praefectis
1352 1150 1421 1187 hu-

75 1212 315 1249 manissimis
351 1225 396 1249 ex
429 1213 551 1249 animi
583 1212 778 1249 sententia
810 1212 958 1261 gratias
992 1222 1153 1261 agamus
1187 1222 1305 1258 quam
1336 1209 1422 1258 plu-

75 1272 213 1319 rimas,
256 1272 298 1307 in
343 1283 458 1320 opere
502 1272 586 1320 ipso
632 1272 671 1308 et
714 1270 866 1308 difficili
910 1271 949 1307 et
992 1270 1177 1307 diuturno
1221 1281 1310 1307 cum
1354 1269 1424 1306 alii

77 1330 295 1379 complures
333 1330 611 1380 benignissime
649 1343 710 1367 me
750 1329 986 1367 adiuuerunt
1018 1329 1152 1377 amici,
1190 1330 1276 1366 tum
1306 1329 1422 1378 longe

75 1391 244 1427 maxime
277 1391 452 1427 omnium
483 1389 668 1427 Alfredus
700 1389 859 1426 Holder.

195 1448 242 1485 In
274 1449 441 1487 secundo
474 1449 674 1486 uolumine
707 1449 871 1486 edentur
902 1447 1050 1486 scholia
1076 1443 1125 1484 F'
1136 1447 1172 1484 V
1198 1446 1248 1484 ad
1280 1458 1422 1484 sermo-

77 1520 161 1555 nes,
206 1509 394 1557 epistulas
434 1510 635 1556 artemque
673 1509 869 1556 poeticam
906 1507 1162 1555 pertinentia,
1202 1505 1346 1543 additis
1384 1507 1424 1543 et

77 1567 273 1605 indicibus
312 1570 350 1606 et
383 1567 613 1617 appendice,
656 1580 733 1615 qua
765 1567 916 1617 glossae
950 1578 1048 1614 quae
1080 1565 1274 1602 uocantur
1303 1564 1423 1602 inter-

76 1627 265 1665 lineariae
297 1629 335 1664 Γ
362 1628 515 1676 aliquot
546 1627 796 1665 continentur
828 1625 1170 1663 memorabiliores.
