1664 2563
618 78 761 113 CARM.
783 77 798 111 I
821 81 873 112 16.
898 81 939 111 17
1401 77 1456 119 75

319 191 475 229 Interea
506 191 658 229 Aeneas
691 191 827 228 urbem
859 191 1040 241 designat
1072 192 1214 228 aratro,

106 286 255 324 Iterum
287 286 333 323 de
367 286 577 324 euertenda
610 285 743 324 Cicero
775 287 817 323 in
848 286 1080 335 Philippicis
1114 280 1173 337 (H
1201 282 1323 338 102):

316 368 372 406 Vt
403 369 591 406 uexillum
622 369 789 416 tolleret,
822 370 866 406 ut
898 369 1073 405 aratrum
1105 367 1412 405 circumduceret

103 458 162 515 (A
171 465 235 500 Γα
254 474 354 501 cons.
376 475 460 511 ocp

222 533 425 572 *Insolens
459 529 570 586 (020ss
635 534 923 571 Tantummodo
962 535 1022 571 ira
1054 536 1269 572 commotus
1303 529 1451 585 (saep
1502 541 1522 572 5

223 600 300 643 22.
343 617 550 643 CONPESCE
583 601 768 655 MENTEM]
832 605 938 642 Idest
969 605 1051 642 noli
1083 606 1123 642 in
1156 605 1358 643 irascendo
1390 618 1451 643 me

99 665 264 712 imitari,
297 678 414 713 quem
445 666 622 714 paenitet
653 660 812 716 (ΑΓαο
832 676 931 701 cons.
952 676 1008 711 cp

223 730 299 774 24.
356 735 494 773 ssMisit
543 736 737 773 furentem
782 730 856 787 (c)]
932 735 1092 773 Scilicet
1140 738 1301 784 propter
1349 736 1450 773 iram

102 787 122 845 (
125 796 162 831 Γ
164 806 214 831 occ
219 807 251 842 p

222 860 297 904 25.
331 877 493 903 Mrrtssvs
526 862 707 916 MVTARE]
759 864 845 903 Hoc
877 868 952 902 est:
984 865 1263 903 blandimentis
1295 868 1448 904 mutare
1478 875 1521 905 10

99 925 347 962 iracundiam
379 926 492 974 cupio
526 920 583 977 (A
593 926 752 972 Faocp

221 991 296 1034 27.
330 1007 419 1033 FIAS
451 1007 705 1033 RECANTATIS
738 992 882 1046 AMICA]
926 995 1196 1033 Recantantur
1227 996 1449 1045 obprobria⁷

99 1065 187 1092 cum
219 1057 372 1092 mutato
406 1056 576 1093 carmine
611 1051 963 1105 [reprehensiones]
991 1055 1172 1092 laudibus
1200 1056 1450 1106 corriguntur

99 1109 204 1165 (AF
217 1126 316 1152 cons.
337 1126 355 1152 c
363 1127 393 1162 p

220 1181 296 1224 28.
329 1197 569 1228 ANIMVMQVE
595 1181 774 1235 REDDAS]
804 1185 889 1223 Hoc
915 1188 990 1223 est:
1020 1198 1129 1234 spem
1155 1187 1250 1222 mihi
1278 1186 1446 1224 redinte-
1476 1195 1518 1226 15

98 1245 240 1294 grandi
273 1246 416 1282 amoris
450 1246 572 1282 facias
606 1240 797 1296 (AFcccp

631 1539 786 1578 OARM.
814 1540 832 1577 I
863 1543 881 1577 1
892 1542 912 1577 7

534 1643 606 1698 [AD
639 1659 905 1685 'PVNDARIDEM
937 1641 1010 1699 (A]

215 1741 236 1763 ’³‘
243 1741 413 1779 Metrum
458 1741 607 1779 duobus
652 1741 828 1780 uersibus
872 1741 1093 1789 Alcaicumg
1138 1743 1278 1780 tertius
1323 1743 1443 1781 dime-

96 1802 157 1838 ter
205 1801 395 1839 iambicus
442 1801 810 1850 ypercatalecticus,
861 1803 1024 1849 quartus
1069 1801 1300 1840 Pindaricus
1344 1798 1450 1855 (ΒΓ
1469 1812 1515 1843 20

95 1871 195 1898 cons.
215 1871 271 1908 cp
1255 1878 1258 1883 .

217 1988 233 2018 1
262 1995 371 2019 eneas
399 1985 434 2019 A
579 1988 598 2018 2
626 1985 761 2019 iterum
782 2006 825 2009 —
847 1984 1045 2031 circumd:]
1072 1997 1137 2019 om.
1159 2000 1182 2020 α
1314 1987 1443 2021 deuer-

94 2031 210 2066 tenda
235 2032 297 2066 Ar
394 2035 413 2065 3
439 2032 588 2066 tolleres
617 2032 687 2067 Cic.
785 2033 828 2066 ut
853 2032 932 2077 Ay]
959 2033 997 2066 et
1021 2044 1095 2077 rep
1117 2033 1187 2068 Cic.
1287 2034 1442 2069 circum-

96 2079 249 2113 duceres
266 2079 336 2114 C'zssc.
437 2083 456 2113 6
477 2079 531 2125 in]
552 2091 740 2125 om.yocop
838 2083 856 2112 7
879 2079 1024 2124 penitet
1036 2084 1217 2125 Araocp
1316 2086 1357 2116 10
1372 2082 1442 2116 hoc

96 2127 167 2172 est]
194 2138 259 2162 om.
281 2138 330 2171 ep
443 2130 484 2160 11
512 2127 747 2161 iracundiam
773 2127 937 2173 Aracp]
964 2127 1058 2162 iram
1083 2141 1131 2174 yo
1240 2133 1282 2163 12
1309 2129 1442 2174 obpro-

95 2185 178 2220 bria
197 2186 248 2232 A]
269 2197 334 2221 om.
356 2188 391 2220 Γ
412 2187 537 2220 autem
563 2186 762 2230 obprobria
781 2197 830 2229 cp
952 2190 994 2221 13
1020 2188 1163 2222 mutato
1184 2189 1251 2234 71⁹]
1271 2182 1388 2223 multo
1406 2190 1441 2223 A

95 2233 213 2267 multo
232 2244 276 2268 rc
347 2233 651 2277 reprehensiones
671 2244 723 2278 γρ
737 2234 899 2268 οηι.Ανο
1015 2238 1056 2268 15
1082 2235 1363 2280 redintegrandi
1377 2237 1440 2282 cp]

95 2279 348 2325 redintegram
374 2281 453 2315 ΑΓ
491 2281 644 2315 redente
670 2285 736 2325 gra
762 2294 785 2314 α
931 2284 975 2315 ‘20
1001 2282 1335 2326 ypercatalecticus
1362 2285 1440 2329 Br]

90 2337 190 2362 cons.
210 2338 229 2362 c
265 2328 424 2372 ipercat:
452 2342 472 2372 y
