<?xml version="1.0" encoding="UTF-8"?>
<!DOCTYPE html PUBLIC "-//W3C//DTD XHTML 1.0 Transitional//EN"
    "http://www.w3.org/TR/xhtml1/DTD/xhtml1-transitional.dtd">
<html xmlns="http://www.w3.org/1999/xhtml" xml:lang="en" lang="en">
 <head>
  <title>
</title>
<meta http-equiv="Content-Type" content="text/html;charset=utf-8" />
  <meta name='ocr-system' content='tesseract 3.04.00' />
  <meta name='ocr-capabilities' content='ocr_page ocr_carea ocr_par ocr_line ocrx_word'/>
</head>
<body>
  <div class='ocr_page' id='page_1' title='image "./pseudacronisscho01kelluoft_0043.png"; bbox 0 0 1664 2563; ppageno 0'>
   <div class='ocr_carea' id='block_1_1' title="bbox 725 55 1516 97">
    <p class='ocr_par' dir='ltr' id='par_1_1' title="bbox 725 55 1516 97">
     <span class='ocr_line' id='line_1_1' title="bbox 725 55 1516 97; baseline 0.01 -8"><span class='ocrx_word' id='word_1_1' title='bbox 725 55 868 90; x_wconf 82' lang='lat' dir='ltr'><strong>CARM.</strong></span> <span class='ocrx_word' id='word_1_2' title='bbox 889 55 906 89; x_wconf 92' lang='grc' dir='ltr'>Ι</span> <span class='ocrx_word' id='word_1_3' title='bbox 927 60 946 90; x_wconf 82' lang='lat'>2</span> <span class='ocrx_word' id='word_1_4' title='bbox 1460 57 1516 97; x_wconf 81' lang='grc'>23</span> 
     </span>
    </p>
   </div>
   <div class='ocr_carea' id='block_1_2' title="bbox 160 168 1519 681">
    <p class='ocr_par' dir='ltr' id='par_1_2' title="bbox 161 168 1517 280">
     <span class='ocr_line' id='line_1_2' title="bbox 162 168 1517 218; baseline 0 -12"><span class='ocrx_word' id='word_1_5' title='bbox 162 179 229 206; x_wconf 71' lang='lat' dir='ltr'>aut-</span> <span class='ocrx_word' id='word_1_6' title='bbox 265 171 428 218; x_wconf 88' lang='lat' dir='ltr'>propter</span> <span class='ocrx_word' id='word_1_7' title='bbox 466 168 571 217; x_wconf 86' lang='lat' dir='ltr'>quod</span> <span class='ocrx_word' id='word_1_8' title='bbox 608 168 650 204; x_wconf 91' lang='lat' dir='ltr'>in</span> <span class='ocrx_word' id='word_1_9' title='bbox 689 180 846 217; x_wconf 85' lang='lat' dir='ltr'>campos</span> <span class='ocrx_word' id='word_1_10' title='bbox 879 168 1029 217; x_wconf 81' lang='lat' dir='ltr'>exibat,</span> <span class='ocrx_word' id='word_1_11' title='bbox 1067 182 1146 206; x_wconf 92' lang='lat' dir='ltr'>non</span> <span class='ocrx_word' id='word_1_12' title='bbox 1179 169 1295 206; x_wconf 90' lang='lat' dir='ltr'>solito</span> <span class='ocrx_word' id='word_1_13' title='bbox 1329 170 1442 207; x_wconf 83' lang='lat' dir='ltr'>alueo</span> <span class='ocrx_word' id='word_1_14' title='bbox 1474 171 1517 206; x_wconf 90' lang='lat' dir='ltr'>in</span> 
     </span>
     <span class='ocr_line' id='line_1_3' title="bbox 161 221 776 280; baseline -0.002 -15"><span class='ocrx_word' id='word_1_15' title='bbox 161 229 284 265; x_wconf 79' lang='lat' dir='ltr'>maiia</span> <span class='ocrx_word' id='word_1_16' title='bbox 317 223 376 280; x_wconf 82' lang='lat' dir='ltr'>(A</span> <span class='ocrx_word' id='word_1_17' title='bbox 388 224 436 265; x_wconf 85' lang='grc' dir='ltr'>Γ’</span> <span class='ocrx_word' id='word_1_18' title='bbox 452 223 541 280; x_wconf 83' lang='lat' dir='ltr'>(rE</span> <span class='ocrx_word' id='word_1_19' title='bbox 550 221 588 279; x_wconf 84' lang='lat' dir='ltr'>v)</span> <span class='ocrx_word' id='word_1_20' title='bbox 611 239 776 275; x_wconf 64' lang='lat' dir='ltr'>conscp</span> 
     </span>
    </p>

    <p class='ocr_par' dir='ltr' id='par_1_3' title="bbox 160 282 1518 458">
     <span class='ocr_line' id='line_1_4' title="bbox 282 282 1518 335; baseline -0.001 -10"><span class='ocrx_word' id='word_1_21' title='bbox 282 282 358 327; x_wconf 79' lang='lat'>14.</span> <span class='ocrx_word' id='word_1_22' title='bbox 385 286 581 325; x_wconf 65' lang='lat' dir='ltr'>*Constat</span> <span class='ocrx_word' id='word_1_23' title='bbox 608 289 740 324; x_wconf 84' lang='lat' dir='ltr'>autem</span> <span class='ocrx_word' id='word_1_24' title='bbox 766 287 960 324; x_wconf 85' lang='lat' dir='ltr'>uiolentia</span> <span class='ocrx_word' id='word_1_25' title='bbox 978 287 1099 325; x_wconf 85' lang='lat' dir='ltr'>maris</span> <span class='ocrx_word' id='word_1_26' title='bbox 1119 287 1322 335; x_wconf 88' lang='lat' dir='ltr'>repulsum</span> <span class='ocrx_word' id='word_1_27' title='bbox 1343 287 1518 325; x_wconf 78' lang='lat' dir='ltr'>Tiberim</span> 
     </span>
     <span class='ocr_line' id='line_1_5' title="bbox 160 346 1515 396; baseline 0 -12"><span class='ocrx_word' id='word_1_28' title='bbox 160 346 379 385; x_wconf 85' lang='lat' dir='ltr'>inundasse.</span> <span class='ocrx_word' id='word_1_29' title='bbox 444 347 611 384; x_wconf 85' lang='lat' dir='ltr'>Etrusco</span> <span class='ocrx_word' id='word_1_30' title='bbox 644 359 736 396; x_wconf 87' lang='lat' dir='ltr'>ergo</span> <span class='ocrx_word' id='word_1_31' title='bbox 769 347 905 394; x_wconf 88' lang='lat' dir='ltr'>litore,</span> <span class='ocrx_word' id='word_1_32' title='bbox 943 347 1047 384; x_wconf 88' lang='lat' dir='ltr'>idest</span> <span class='ocrx_word' id='word_1_33' title='bbox 1079 346 1254 395; x_wconf 79' lang='lat' dir='ltr'>Tyrreno</span> <span class='ocrx_word' id='word_1_34' title='bbox 1287 348 1405 395; x_wconf 85' lang='lat' dir='ltr'>mari,</span> <span class='ocrx_word' id='word_1_35' title='bbox 1439 360 1515 395; x_wconf 89' lang='lat' dir='ltr'>quo</span> 
     </span>
     <span class='ocr_line' id='line_1_6' title="bbox 161 401 912 458; baseline 0.001 -15"><span class='ocrx_word' id='word_1_36' title='bbox 161 406 293 443; x_wconf 88' lang='lat' dir='ltr'>influit</span> <span class='ocrx_word' id='word_1_37' title='bbox 322 406 474 444; x_wconf 83' lang='lat' dir='ltr'>Tiberis</span> <span class='ocrx_word' id='word_1_38' title='bbox 508 401 578 458; x_wconf 80' lang='lat' dir='ltr'>(rv</span> <span class='ocrx_word' id='word_1_39' title='bbox 593 417 692 443; x_wconf 72' lang='lat' dir='ltr'>cons.</span> <span class='ocrx_word' id='word_1_40' title='bbox 709 417 758 452; x_wconf 72' lang='lat' dir='ltr'>cp</span> <span class='ocrx_word' id='word_1_41' title='bbox 772 406 912 453; x_wconf 70' lang='lat' dir='ltr'>Porple.</span> 
     </span>
    </p>

    <p class='ocr_par' dir='ltr' id='par_1_4' title="bbox 161 460 1519 681">
     <span class='ocr_line' id='line_1_7' title="bbox 286 460 1518 516; baseline 0 -14"><span class='ocrx_word' id='word_1_42' title='bbox 286 460 358 504; x_wconf 80' lang='lat'>15.</span> <span class='ocrx_word' id='word_1_43' title='bbox 409 477 664 504; x_wconf 73' lang='lat' dir='ltr'>MONVMENTA</span> <span class='ocrx_word' id='word_1_44' title='bbox 708 461 847 516; x_wconf 80' lang='lat' dir='ltr'><strong>REGIS]</strong></span> <span class='ocrx_word' id='word_1_45' title='bbox 898 465 1066 515; x_wconf 80' lang='lat' dir='ltr'>Regiam</span> <span class='ocrx_word' id='word_1_46' title='bbox 1117 465 1217 502; x_wconf 76' lang='lat' dir='ltr'>dixit</span> <span class='ocrx_word' id='word_1_47' title='bbox 1261 473 1518 503; x_wconf 75' lang='lat' dir='ltr'>monumenta</span> 
     </span>
     <span class='ocr_line' id='line_1_8' title="bbox 161 524 1519 575; baseline 0.001 -14"><span class='ocrx_word' id='word_1_48' title='bbox 161 526 277 575; x_wconf 82' lang='lat' dir='ltr'>reg-is.</span> <span class='ocrx_word' id='word_1_49' title='bbox 335 524 459 563; x_wconf 88' lang='lat' dir='ltr'>Locus</span> <span class='ocrx_word' id='word_1_50' title='bbox 493 526 597 562; x_wconf 89' lang='lat' dir='ltr'>enim</span> <span class='ocrx_word' id='word_1_51' title='bbox 630 527 701 573; x_wconf 87' lang='lat' dir='ltr'>est,</span> <span class='ocrx_word' id='word_1_52' title='bbox 732 526 774 562; x_wconf 94' lang='lat' dir='ltr'>in</span> <span class='ocrx_word' id='word_1_53' title='bbox 806 537 883 574; x_wconf 86' lang='lat' dir='ltr'>quo</span> <span class='ocrx_word' id='word_1_54' title='bbox 909 524 1042 562; x_wconf 80' lang='lat' dir='ltr'>Numa</span> <span class='ocrx_word' id='word_1_55' title='bbox 1068 524 1287 573; x_wconf 81' lang='lat' dir='ltr'>Pompilius</span> <span class='ocrx_word' id='word_1_56' title='bbox 1319 525 1519 562; x_wconf 85' lang='lat' dir='ltr'>habitauit</span> 
     </span>
     <span class='ocr_line' id='line_1_9' title="bbox 162 579 1519 638; baseline 0.001 -17"><span class='ocrx_word' id='word_1_57' title='bbox 162 581 270 635; x_wconf 75' lang='lat' dir='ltr'>(ad)</span> <span class='ocrx_word' id='word_1_58' title='bbox 297 584 441 622; x_wconf 85' lang='lat' dir='ltr'>Vestae</span> <span class='ocrx_word' id='word_1_59' title='bbox 472 584 620 622; x_wconf 83' lang='lat' dir='ltr'>habens</span> <span class='ocrx_word' id='word_1_60' title='bbox 652 584 812 634; x_wconf 84' lang='lat' dir='ltr'>regiam.</span> <span class='ocrx_word' id='word_1_61' title='bbox 872 583 1007 621; x_wconf 83' lang='lat' dir='ltr'>Cicero</span> <span class='ocrx_word' id='word_1_62' title='bbox 1040 579 1131 638; x_wconf 76' lang='lat' dir='ltr'>(pro</span> <span class='ocrx_word' id='word_1_63' title='bbox 1162 584 1252 621; x_wconf 69' lang='lat' dir='ltr'>Mil.</span> <span class='ocrx_word' id='word_1_64' title='bbox 1277 586 1343 632; x_wconf 71' lang='lat'>14,</span> <span class='ocrx_word' id='word_1_65' title='bbox 1365 579 1438 635; x_wconf 77' lang='lat'>37)</span> <span class='ocrx_word' id='word_1_66' title='bbox 1473 585 1519 622; x_wconf 86' lang='lat' dir='ltr'>de</span> 
     </span>
     <span class='ocr_line' id='line_1_10' title="bbox 162 644 430 681; baseline -0.004 0"><span class='ocrx_word' id='word_1_67' title='bbox 162 644 298 681; x_wconf 89' lang='lat' dir='ltr'>eodem</span> <span class='ocrx_word' id='word_1_68' title='bbox 329 644 430 681; x_wconf 87' lang='lat' dir='ltr'>loco:</span> 
     </span>
    </p>
   </div>
   <div class='ocr_carea' id='block_1_3' title="bbox 279 709 1428 767">
    <p class='ocr_par' dir='ltr' id='par_1_5' title="bbox 279 709 1428 767">
     <span class='ocr_line' id='line_1_11' title="bbox 279 709 1428 767; baseline 0 -15"><span class='ocrx_word' id='word_1_69' title='bbox 279 715 417 764; x_wconf 86' lang='lat' dir='ltr'>Nuper</span> <span class='ocrx_word' id='word_1_70' title='bbox 447 728 508 752; x_wconf 88' lang='lat' dir='ltr'>me</span> <span class='ocrx_word' id='word_1_71' title='bbox 543 715 594 752; x_wconf 86' lang='lat' dir='ltr'>ad</span> <span class='ocrx_word' id='word_1_72' title='bbox 623 716 776 765; x_wconf 84' lang='lat' dir='ltr'>regiam</span> <span class='ocrx_word' id='word_1_73' title='bbox 808 728 906 763; x_wconf 87' lang='lat' dir='ltr'>pene</span> <span class='ocrx_word' id='word_1_74' title='bbox 939 715 1096 752; x_wconf 88' lang='lat' dir='ltr'>conficit</span> <span class='ocrx_word' id='word_1_75' title='bbox 1129 709 1428 767; x_wconf 51' lang='lat' dir='ltr'>(Ar-vconsssp</span> 
     </span>
    </p>
   </div>
   <div class='ocr_carea' id='block_1_4' title="bbox 160 792 1523 1797">
    <p class='ocr_par' dir='ltr' id='par_1_6' title="bbox 160 792 1521 969">
     <span class='ocr_line' id='line_1_12' title="bbox 284 792 1521 849; baseline 0 -14"><span class='ocrx_word' id='word_1_76' title='bbox 284 793 360 835; x_wconf 86' lang='grc'><strong>16.</strong></span> <span class='ocrx_word' id='word_1_77' title='bbox 397 798 668 846; x_wconf 64' lang='lat' dir='ltr'>ssTemplaque</span> <span class='ocrx_word' id='word_1_78' title='bbox 700 797 845 835; x_wconf 87' lang='lat' dir='ltr'>Vestae</span> <span class='ocrx_word' id='word_1_79' title='bbox 879 792 928 849; x_wconf 69' lang='lat' dir='ltr'>(p</span> <span class='ocrx_word' id='word_1_80' title='bbox 948 809 1048 835; x_wconf 76' lang='lat' dir='ltr'>cons.</span> <span class='ocrx_word' id='word_1_81' title='bbox 1068 792 1130 849; x_wconf 79' lang='lat' dir='ltr'>v)]</span> <span class='ocrx_word' id='word_1_82' title='bbox 1183 797 1285 842; x_wconf 82' lang='lat' dir='ltr'>Quia</span> <span class='ocrx_word' id='word_1_83' title='bbox 1317 797 1521 835; x_wconf 79' lang='lat' dir='ltr'>dicebatur</span> 
     </span>
     <span class='ocr_line' id='line_1_13' title="bbox 162 857 1521 906; baseline -0.001 -11"><span class='ocrx_word' id='word_1_84' title='bbox 162 858 313 895; x_wconf 88' lang='lat' dir='ltr'>Tiberis</span> <span class='ocrx_word' id='word_1_85' title='bbox 358 859 448 895; x_wconf 89' lang='lat' dir='ltr'>ante</span> <span class='ocrx_word' id='word_1_86' title='bbox 492 870 562 906; x_wconf 88' lang='lat' dir='ltr'>per</span> <span class='ocrx_word' id='word_1_87' title='bbox 599 857 743 894; x_wconf 81' lang='lat' dir='ltr'>Rostra</span> <span class='ocrx_word' id='word_1_88' title='bbox 780 857 963 894; x_wconf 79' lang='lat' dir='ltr'>habuisse</span> <span class='ocrx_word' id='word_1_89' title='bbox 1000 859 1193 905; x_wconf 87' lang='lat' dir='ltr'>meatum,</span> <span class='ocrx_word' id='word_1_90' title='bbox 1238 870 1338 906; x_wconf 84' lang='lat' dir='ltr'>quae</span> <span class='ocrx_word' id='word_1_91' title='bbox 1376 857 1521 895; x_wconf 87' lang='lat' dir='ltr'>Rostra</span> 
     </span>
     <span class='ocr_line' id='line_1_14' title="bbox 160 911 1227 969; baseline -0.001 -15"><span class='ocrx_word' id='word_1_92' title='bbox 160 917 309 966; x_wconf 88' lang='lat' dir='ltr'>templo</span> <span class='ocrx_word' id='word_1_93' title='bbox 341 916 486 954; x_wconf 80' lang='lat' dir='ltr'>Vestae</span> <span class='ocrx_word' id='word_1_94' title='bbox 518 917 738 966; x_wconf 82' lang='lat' dir='ltr'>iunguntur</span> <span class='ocrx_word' id='word_1_95' title='bbox 771 911 839 968; x_wconf 81' lang='lat' dir='ltr'>(F&#39;</span> <span class='ocrx_word' id='word_1_96' title='bbox 862 911 1029 969; x_wconf 76' lang='lat' dir='ltr'>(raEv)</span> <span class='ocrx_word' id='word_1_97' title='bbox 1051 928 1151 954; x_wconf 77' lang='lat' dir='ltr'>cons.</span> <span class='ocrx_word' id='word_1_98' title='bbox 1172 928 1227 964; x_wconf 74' lang='lat' dir='ltr'>cp</span> 
     </span>
    </p>

    <p class='ocr_par' dir='ltr' id='par_1_7' title="bbox 160 970 1518 1083">
     <span class='ocr_line' id='line_1_15' title="bbox 283 970 1518 1028; baseline 0 -15"><span class='ocrx_word' id='word_1_99' title='bbox 283 970 358 1015; x_wconf 77' lang='grc'><strong>17.</strong></span> <span class='ocrx_word' id='word_1_100' title='bbox 392 976 518 1013; x_wconf 69' lang='lat' dir='ltr'>*Iliae</span> <span class='ocrx_word' id='word_1_101' title='bbox 547 970 635 1028; x_wconf 74' lang='lat'><em>(2))]</em></span> <span class='ocrx_word' id='word_1_102' title='bbox 671 975 792 1012; x_wconf 85' lang='lat' dir='ltr'>Matri</span> <span class='ocrx_word' id='word_1_103' title='bbox 823 975 994 1024; x_wconf 83' lang='lat' dir='ltr'>Romuli,</span> <span class='ocrx_word' id='word_1_104' title='bbox 1026 977 1139 1014; x_wconf 76' lang='lat' dir='ltr'>uxori</span> <span class='ocrx_word' id='word_1_105' title='bbox 1171 987 1264 1013; x_wconf 89' lang='lat' dir='ltr'>suae</span> <span class='ocrx_word' id='word_1_106' title='bbox 1293 970 1360 1028; x_wconf 72' lang='grc' dir='ltr'>(Γ</span> <span class='ocrx_word' id='word_1_107' title='bbox 1383 971 1518 1028; x_wconf 77' lang='lat' dir='ltr'>(rEv)</span> 
     </span>
     <span class='ocr_line' id='line_1_16' title="bbox 160 1047 337 1083; baseline -0.006 -10"><span class='ocrx_word' id='word_1_108' title='bbox 160 1047 260 1073; x_wconf 73' lang='lat' dir='ltr'>cons.</span> <span class='ocrx_word' id='word_1_109' title='bbox 281 1047 337 1083; x_wconf 72' lang='lat' dir='ltr'>cp</span> 
     </span>
    </p>

    <p class='ocr_par' dir='ltr' id='par_1_8' title="bbox 160 1091 1521 1261">
     <span class='ocr_line' id='line_1_17' title="bbox 279 1091 1521 1146; baseline 0.001 -15"><span class='ocrx_word' id='word_1_110' title='bbox 279 1107 388 1132; x_wconf 79' lang='lat' dir='ltr'><strong>ILIAE</strong></span> <span class='ocrx_word' id='word_1_111' title='bbox 427 1107 514 1132; x_wconf 84' lang='lat' dir='ltr'>DVM</span> <span class='ocrx_word' id='word_1_112' title='bbox 553 1106 601 1131; x_wconf 83' lang='lat' dir='ltr'>SE</span> <span class='ocrx_word' id='word_1_113' title='bbox 637 1106 786 1132; x_wconf 77' lang='lat' dir='ltr'>NIMIVM</span> <span class='ocrx_word' id='word_1_114' title='bbox 825 1091 1048 1146; x_wconf 81' lang='lat' dir='ltr'>QVERENTI]</span> <span class='ocrx_word' id='word_1_115' title='bbox 1113 1093 1299 1138; x_wconf 78' lang='lat' dir='ltr'>Querelas</span> <span class='ocrx_word' id='word_1_116' title='bbox 1338 1095 1443 1144; x_wconf 84' lang='lat' dir='ltr'>apud</span> <span class='ocrx_word' id='word_1_117' title='bbox 1482 1107 1521 1132; x_wconf 89' lang='lat' dir='ltr'>se</span> 
     </span>
     <span class='ocr_line' id='line_1_18' title="bbox 161 1149 1521 1207; baseline 0 -15"><span class='ocrx_word' id='word_1_118' title='bbox 161 1154 374 1204; x_wconf 85' lang='lat' dir='ltr'>deponenti</span> <span class='ocrx_word' id='word_1_119' title='bbox 412 1154 458 1192; x_wconf 92' lang='lat' dir='ltr'>de</span> <span class='ocrx_word' id='word_1_120' title='bbox 495 1156 622 1191; x_wconf 85' lang='lat' dir='ltr'>morte</span> <span class='ocrx_word' id='word_1_121' title='bbox 657 1153 834 1191; x_wconf 79' lang='lat' dir='ltr'>Caesaris</span> <span class='ocrx_word' id='word_1_122' title='bbox 872 1156 1029 1192; x_wconf 88' lang='lat' dir='ltr'>nomine</span> <span class='ocrx_word' id='word_1_123' title='bbox 1069 1154 1233 1204; x_wconf 84' lang='lat' dir='ltr'>originis</span> <span class='ocrx_word' id='word_1_124' title='bbox 1272 1166 1364 1192; x_wconf 90' lang='lat' dir='ltr'>suae</span> <span class='ocrx_word' id='word_1_125' title='bbox 1404 1149 1521 1207; x_wconf 81' lang='lat' dir='ltr'>(Arv</span> 
     </span>
     <span class='ocr_line' id='line_1_19' title="bbox 160 1225 335 1261; baseline 0 -10"><span class='ocrx_word' id='word_1_126' title='bbox 160 1225 260 1252; x_wconf 77' lang='lat' dir='ltr'>cons.</span> <span class='ocrx_word' id='word_1_127' title='bbox 280 1225 335 1261; x_wconf 78' lang='lat' dir='ltr'>cp</span> 
     </span>
    </p>

    <p class='ocr_par' dir='ltr' id='par_1_9' title="bbox 162 1268 1522 1383">
     <span class='ocr_line' id='line_1_20' title="bbox 283 1268 1522 1324; baseline 0 -14"><span class='ocrx_word' id='word_1_128' title='bbox 283 1268 357 1311; x_wconf 86' lang='grc'><strong>18.</strong></span> <span class='ocrx_word' id='word_1_129' title='bbox 402 1269 555 1323; x_wconf 79' lang='lat' dir='ltr'>VAGvs]</span> <span class='ocrx_word' id='word_1_130' title='bbox 629 1268 738 1322; x_wconf 85' lang='lat' dir='ltr'>[Non</span> <span class='ocrx_word' id='word_1_131' title='bbox 781 1274 888 1310; x_wconf 86' lang='lat' dir='ltr'>recto</span> <span class='ocrx_word' id='word_1_132' title='bbox 932 1274 1066 1310; x_wconf 83' lang='lat' dir='ltr'>meatu</span> <span class='ocrx_word' id='word_1_133' title='bbox 1110 1269 1252 1324; x_wconf 88' lang='lat' dir='ltr'>fluens]</span> <span class='ocrx_word' id='word_1_134' title='bbox 1298 1273 1367 1322; x_wconf 85' lang='lat' dir='ltr'>qui</span> <span class='ocrx_word' id='word_1_135' title='bbox 1412 1275 1522 1310; x_wconf 77' lang='lat' dir='ltr'>extra</span> 
     </span>
     <span class='ocr_line' id='line_1_21' title="bbox 162 1327 708 1383; baseline -0.004 -13"><span class='ocrx_word' id='word_1_136' title='bbox 162 1334 319 1370; x_wconf 89' lang='lat' dir='ltr'>alueum</span> <span class='ocrx_word' id='word_1_137' title='bbox 351 1334 500 1370; x_wconf 85' lang='lat' dir='ltr'>erraret</span> <span class='ocrx_word' id='word_1_138' title='bbox 534 1327 708 1383; x_wconf 70' lang='lat' dir='ltr'>(Arvcp</span> 
     </span>
    </p>

    <p class='ocr_par' dir='ltr' id='par_1_10' title="bbox 161 1387 1520 1503">
     <span class='ocr_line' id='line_1_22' title="bbox 281 1387 1520 1442; baseline 0 -13"><span class='ocrx_word' id='word_1_139' title='bbox 281 1387 484 1442; x_wconf 75' lang='lat' dir='ltr'>SINISTRA]</span> <span class='ocrx_word' id='word_1_140' title='bbox 547 1391 630 1428; x_wconf 89' lang='lat' dir='ltr'>Aut</span> <span class='ocrx_word' id='word_1_141' title='bbox 660 1391 807 1429; x_wconf 84' lang='lat' dir='ltr'>infesta</span> <span class='ocrx_word' id='word_1_142' title='bbox 839 1393 909 1429; x_wconf 88' lang='lat' dir='ltr'>aut</span> <span class='ocrx_word' id='word_1_143' title='bbox 939 1391 1013 1439; x_wconf 90' lang='lat' dir='ltr'>ibi,</span> <span class='ocrx_word' id='word_1_144' title='bbox 1046 1404 1125 1440; x_wconf 87' lang='lat' dir='ltr'>qua</span> <span class='ocrx_word' id='word_1_145' title='bbox 1156 1393 1283 1442; x_wconf 84' lang='lat' dir='ltr'>magis</span> <span class='ocrx_word' id='word_1_146' title='bbox 1315 1393 1428 1440; x_wconf 83' lang='lat' dir='ltr'>parte</span> <span class='ocrx_word' id='word_1_147' title='bbox 1462 1394 1520 1429; x_wconf 87' lang='lat' dir='ltr'>est</span> 
     </span>
     <span class='ocr_line' id='line_1_23' title="bbox 161 1445 1408 1503; baseline 0 -15"><span class='ocrx_word' id='word_1_148' title='bbox 161 1451 315 1500; x_wconf 87' lang='lat' dir='ltr'>ciuitas,</span> <span class='ocrx_word' id='word_1_149' title='bbox 349 1464 468 1500; x_wconf 88' lang='lat' dir='ltr'>quam</span> <span class='ocrx_word' id='word_1_150' title='bbox 499 1450 713 1488; x_wconf 86' lang='lat' dir='ltr'>redundari</span> <span class='ocrx_word' id='word_1_151' title='bbox 745 1450 930 1499; x_wconf 86' lang='lat' dir='ltr'>cupiebat</span> <span class='ocrx_word' id='word_1_152' title='bbox 962 1445 1050 1503; x_wconf 77' lang='lat' dir='ltr'>(Av</span> <span class='ocrx_word' id='word_1_153' title='bbox 1070 1462 1170 1488; x_wconf 74' lang='lat' dir='ltr'>cons.</span> <span class='ocrx_word' id='word_1_154' title='bbox 1192 1463 1247 1498; x_wconf 70' lang='lat' dir='ltr'>cp</span> <span class='ocrx_word' id='word_1_155' title='bbox 1269 1463 1367 1488; x_wconf 74' lang='lat' dir='ltr'>eras.</span> <span class='ocrx_word' id='word_1_156' title='bbox 1388 1464 1408 1488; x_wconf 72' lang='lat' dir='ltr'>r</span> 
     </span>
    </p>

    <p class='ocr_par' dir='ltr' id='par_1_11' title="bbox 285 1505 1521 1562">
     <span class='ocr_line' id='line_1_24' title="bbox 285 1505 1521 1562; baseline -0.001 -14"><span class='ocrx_word' id='word_1_157' title='bbox 285 1505 361 1549; x_wconf 80' lang='grc'><strong>19.</strong></span> <span class='ocrx_word' id='word_1_158' title='bbox 394 1522 476 1548; x_wconf 80' lang='lat' dir='ltr'>NON</span> <span class='ocrx_word' id='word_1_159' title='bbox 508 1506 743 1561; x_wconf 81' lang='lat' dir='ltr'>PROBANTE]</span> <span class='ocrx_word' id='word_1_160' title='bbox 806 1510 896 1548; x_wconf 86' lang='lat' dir='ltr'>Non</span> <span class='ocrx_word' id='word_1_161' title='bbox 928 1511 1183 1559; x_wconf 78' lang='lat' dir='ltr'>permittente</span> <span class='ocrx_word' id='word_1_162' title='bbox 1218 1506 1361 1562; x_wconf 78' lang='lat' dir='ltr'>(Arvc</span> <span class='ocrx_word' id='word_1_163' title='bbox 1381 1521 1521 1558; x_wconf 55' lang='lat' dir='ltr'>consp</span> 
     </span>
    </p>

    <p class='ocr_par' dir='ltr' id='par_1_12' title="bbox 160 1565 1523 1797">
     <span class='ocr_line' id='line_1_25' title="bbox 283 1565 1523 1620; baseline 0 -13"><span class='ocrx_word' id='word_1_164' title='bbox 283 1566 360 1609; x_wconf 80' lang='grc'>20.</span> <span class='ocrx_word' id='word_1_165' title='bbox 410 1581 585 1608; x_wconf 72' lang='lat' dir='ltr'>onmvs</span> <span class='ocrx_word' id='word_1_166' title='bbox 636 1565 778 1620; x_wconf 77' lang='lat' dir='ltr'>AMNIs]</span> <span class='ocrx_word' id='word_1_167' title='bbox 849 1569 1040 1607; x_wconf 82' lang='lat' dir='ltr'>Diuersae</span> <span class='ocrx_word' id='word_1_168' title='bbox 1092 1570 1138 1607; x_wconf 90' lang='lat' dir='ltr'>de</span> <span class='ocrx_word' id='word_1_169' title='bbox 1188 1570 1265 1607; x_wconf 88' lang='lat' dir='ltr'>Ilia</span> <span class='ocrx_word' id='word_1_170' title='bbox 1314 1572 1523 1619; x_wconf 83' lang='lat' dir='ltr'>poetarum</span> 
     </span>
     <span class='ocr_line' id='line_1_26' title="bbox 160 1629 1521 1678; baseline -0.001 -11"><span class='ocrx_word' id='word_1_171' title='bbox 160 1630 377 1678; x_wconf 90' lang='lat' dir='ltr'>positiones</span> <span class='ocrx_word' id='word_1_172' title='bbox 415 1631 516 1666; x_wconf 87' lang='lat' dir='ltr'>sunt.</span> <span class='ocrx_word' id='word_1_173' title='bbox 579 1629 684 1667; x_wconf 84' lang='lat' dir='ltr'>Nam</span> <span class='ocrx_word' id='word_1_174' title='bbox 715 1629 792 1666; x_wconf 89' lang='lat' dir='ltr'>Ilia</span> <span class='ocrx_word' id='word_1_175' title='bbox 829 1631 958 1667; x_wconf 88' lang='lat' dir='ltr'>mater</span> <span class='ocrx_word' id='word_1_176' title='bbox 988 1629 1149 1667; x_wconf 85' lang='lat' dir='ltr'>Romuli</span> <span class='ocrx_word' id='word_1_177' title='bbox 1186 1630 1280 1677; x_wconf 88' lang='lat' dir='ltr'>fuit,</span> <span class='ocrx_word' id='word_1_178' title='bbox 1320 1641 1438 1677; x_wconf 86' lang='lat' dir='ltr'>quem</span> <span class='ocrx_word' id='word_1_179' title='bbox 1476 1642 1521 1666; x_wconf 80' lang='lat' dir='ltr'>ex</span> 
     </span>
     <span class='ocr_line' id='line_1_27' title="bbox 160 1688 1521 1738; baseline -0.001 -12"><span class='ocrx_word' id='word_1_180' title='bbox 160 1689 288 1726; x_wconf 83' lang='lat' dir='ltr'>Marte</span> <span class='ocrx_word' id='word_1_181' title='bbox 333 1689 523 1738; x_wconf 83' lang='lat' dir='ltr'>suscepit,</span> <span class='ocrx_word' id='word_1_182' title='bbox 568 1702 668 1737; x_wconf 84' lang='lat' dir='ltr'>quae</span> <span class='ocrx_word' id='word_1_183' title='bbox 711 1690 870 1726; x_wconf 84' lang='lat' dir='ltr'>mortua</span> <span class='ocrx_word' id='word_1_184' title='bbox 908 1689 1063 1738; x_wconf 84' lang='lat' dir='ltr'>sepulta</span> <span class='ocrx_word' id='word_1_185' title='bbox 1103 1689 1153 1726; x_wconf 88' lang='lat' dir='ltr'>ad</span> <span class='ocrx_word' id='word_1_186' title='bbox 1189 1689 1319 1737; x_wconf 87' lang='lat' dir='ltr'>ripam</span> <span class='ocrx_word' id='word_1_187' title='bbox 1356 1688 1521 1726; x_wconf 89' lang='lat' dir='ltr'>Anienis</span> 
     </span>
     <span class='ocr_line' id='line_1_28' title="bbox 161 1748 1522 1797; baseline 0 -12"><span class='ocrx_word' id='word_1_188' title='bbox 161 1749 274 1785; x_wconf 89' lang='lat' dir='ltr'>fluuii</span> <span class='ocrx_word' id='word_1_189' title='bbox 313 1749 475 1796; x_wconf 85' lang='lat' dir='ltr'>dieitur,</span> <span class='ocrx_word' id='word_1_190' title='bbox 522 1748 590 1797; x_wconf 91' lang='lat' dir='ltr'>qui</span> <span class='ocrx_word' id='word_1_191' title='bbox 628 1749 669 1784; x_wconf 85' lang='lat' dir='ltr'>in</span> <span class='ocrx_word' id='word_1_192' title='bbox 703 1748 878 1785; x_wconf 86' lang='lat' dir='ltr'>Tiberim</span> <span class='ocrx_word' id='word_1_193' title='bbox 916 1748 1040 1796; x_wconf 84' lang='lat' dir='ltr'>cadit,</span> <span class='ocrx_word' id='word_1_194' title='bbox 1084 1750 1140 1796; x_wconf 88' lang='lat' dir='ltr'>et,</span> <span class='ocrx_word' id='word_1_195' title='bbox 1185 1748 1279 1796; x_wconf 85' lang='lat' dir='ltr'>quia</span> <span class='ocrx_word' id='word_1_196' title='bbox 1317 1748 1522 1785; x_wconf 81' lang='lat' dir='ltr'>abundans</span> 
     </span>
    </p>
   </div>
   <div class='ocr_carea' id='block_1_5' title="bbox 160 1884 1523 2355">
    <p class='ocr_par' dir='ltr' id='par_1_13' title="bbox 160 1884 1523 2355">
     <span class='ocr_line' id='line_1_29' title="bbox 282 1884 1476 1931; baseline 0.001 -13"><span class='ocrx_word' id='word_1_197' title='bbox 282 1889 300 1918; x_wconf 86' lang='lat'>1</span> <span class='ocrx_word' id='word_1_198' title='bbox 329 1885 457 1919; x_wconf 81' lang='lat' dir='ltr'>exibat</span> <span class='ocrx_word' id='word_1_199' title='bbox 471 1906 515 1909; x_wconf 87' lang='lat'><strong>—</strong></span> <span class='ocrx_word' id='word_1_200' title='bbox 529 1885 664 1930; x_wconf 86' lang='lat' dir='ltr'>maria]</span> <span class='ocrx_word' id='word_1_201' title='bbox 693 1895 759 1919; x_wconf 84' lang='lat' dir='ltr'>om.</span> <span class='ocrx_word' id='word_1_202' title='bbox 781 1885 821 1919; x_wconf 89' lang='lat' dir='ltr'><em>E</em></span> <span class='ocrx_word' id='word_1_203' title='bbox 916 1896 990 1918; x_wconf 86' lang='lat' dir='ltr'>non</span> <span class='ocrx_word' id='word_1_204' title='bbox 1017 1884 1126 1918; x_wconf 89' lang='lat' dir='ltr'>solito</span> <span class='ocrx_word' id='word_1_205' title='bbox 1148 1906 1191 1909; x_wconf 98' lang='lat'><strong>—</strong></span> <span class='ocrx_word' id='word_1_206' title='bbox 1212 1885 1348 1931; x_wconf 82' lang='lat' dir='ltr'>maria]</span> <span class='ocrx_word' id='word_1_207' title='bbox 1375 1896 1440 1919; x_wconf 84' lang='lat' dir='ltr'>om.</span> <span class='ocrx_word' id='word_1_208' title='bbox 1459 1898 1476 1919; x_wconf 79' lang='lat' dir='ltr'>r</span> 
     </span>
     <span class='ocr_line' id='line_1_30' title="bbox 162 1931 1522 1978; baseline 0.001 -13"><span class='ocrx_word' id='word_1_209' title='bbox 162 1935 182 1965; x_wconf 86' lang='lat'>4</span> <span class='ocrx_word' id='word_1_210' title='bbox 209 1931 362 1977; x_wconf 59' lang='lat' dir='ltr'>inumb]</span> <span class='ocrx_word' id='word_1_211' title='bbox 387 1943 532 1967; x_wconf 88' lang='lat' dir='ltr'>romam</span> <span class='ocrx_word' id='word_1_212' title='bbox 558 1932 760 1966; x_wconf 84' lang='lat' dir='ltr'>inundasse</span> <span class='ocrx_word' id='word_1_213' title='bbox 781 1944 810 1976; x_wconf 76' lang='lat' dir='ltr'>p</span> <span class='ocrx_word' id='word_1_214' title='bbox 944 1932 1039 1966; x_wconf 85' lang='lat' dir='ltr'>mari</span> <span class='ocrx_word' id='word_1_215' title='bbox 1066 1933 1128 1978; x_wconf 83' lang='lat' dir='ltr'>rv]</span> <span class='ocrx_word' id='word_1_216' title='bbox 1155 1943 1221 1967; x_wconf 83' lang='lat' dir='ltr'>om.</span> <span class='ocrx_word' id='word_1_217' title='bbox 1244 1943 1292 1976; x_wconf 76' lang='lat' dir='ltr'>cp</span> <span class='ocrx_word' id='word_1_218' title='bbox 1427 1936 1446 1966; x_wconf 80' lang='lat'><em>8</em></span> <span class='ocrx_word' id='word_1_219' title='bbox 1474 1933 1522 1966; x_wconf 86' lang='lat' dir='ltr'>ad</span> 
     </span>
     <span class='ocr_line' id='line_1_31' title="bbox 160 1979 1522 2026; baseline 0 -13"><span class='ocrx_word' id='word_1_220' title='bbox 160 1981 290 2014; x_wconf 83' lang='lat' dir='ltr'>uestae</span> <span class='ocrx_word' id='word_1_221' title='bbox 316 1980 417 2026; x_wconf 52' lang='lat' dir='ltr'>edit]</span> <span class='ocrx_word' id='word_1_222' title='bbox 443 1982 589 2014; x_wconf 88' lang='lat' dir='ltr'>uestem</span> <span class='ocrx_word' id='word_1_223' title='bbox 614 1981 732 2024; x_wconf 58' lang='grc' dir='ltr'>ΑΜΖ)</span> <span class='ocrx_word' id='word_1_224' title='bbox 756 1981 889 2013; x_wconf 84' lang='lat' dir='ltr'>uesten</span> <span class='ocrx_word' id='word_1_225' title='bbox 914 1993 935 2013; x_wconf 80' lang='lat' dir='ltr'><em>v</em></span> <span class='ocrx_word' id='word_1_226' title='bbox 1059 1983 1102 2014; x_wconf 88' lang='lat'>10</span> <span class='ocrx_word' id='word_1_227' title='bbox 1127 1979 1276 2014; x_wconf 89' lang='lat' dir='ltr'>conficit</span> <span class='ocrx_word' id='word_1_228' title='bbox 1302 1981 1408 2026; x_wconf 80' lang='lat' dir='ltr'>A-rv]</span> <span class='ocrx_word' id='word_1_229' title='bbox 1437 1991 1522 2014; x_wconf 88' lang='lat' dir='ltr'>con-</span> 
     </span>
     <span class='ocr_line' id='line_1_32' title="bbox 161 2026 1523 2073; baseline 0.001 -13"><span class='ocrx_word' id='word_1_230' title='bbox 161 2026 252 2061; x_wconf 86' lang='lat' dir='ltr'>fecit</span> <span class='ocrx_word' id='word_1_231' title='bbox 278 2038 326 2071; x_wconf 78' lang='lat' dir='ltr'>cp</span> <span class='ocrx_word' id='word_1_232' title='bbox 355 2027 426 2062; x_wconf 76' lang='lat' dir='ltr'>Oz&#39;c.</span> <span class='ocrx_word' id='word_1_233' title='bbox 575 2032 617 2062; x_wconf 84' lang='grc'>12</span> <span class='ocrx_word' id='word_1_234' title='bbox 646 2029 733 2062; x_wconf 86' lang='lat' dir='ltr'>ante</span> <span class='ocrx_word' id='word_1_235' title='bbox 764 2038 831 2072; x_wconf 81' lang='lat' dir='ltr'>per</span> <span class='ocrx_word' id='word_1_236' title='bbox 861 2028 982 2061; x_wconf 84' lang='lat' dir='ltr'>rostra</span> <span class='ocrx_word' id='word_1_237' title='bbox 1007 2027 1072 2073; x_wconf 78' lang='lat' dir='ltr'>roc]</span> <span class='ocrx_word' id='word_1_238' title='bbox 1107 2029 1219 2062; x_wconf 81' lang='lat' dir='ltr'>antea</span> <span class='ocrx_word' id='word_1_239' title='bbox 1245 2038 1312 2072; x_wconf 86' lang='lat' dir='ltr'>per</span> <span class='ocrx_word' id='word_1_240' title='bbox 1336 2040 1369 2061; x_wconf 86' lang='lat' dir='ltr'>r:</span> <span class='ocrx_word' id='word_1_241' title='bbox 1398 2041 1418 2062; x_wconf 83' lang='lat' dir='ltr'><em>v</em></span> <span class='ocrx_word' id='word_1_242' title='bbox 1457 2039 1523 2072; x_wconf 85' lang='lat' dir='ltr'>per</span> 
     </span>
     <span class='ocr_line' id='line_1_33' title="bbox 160 2075 1476 2121; baseline 0.002 -13"><span class='ocrx_word' id='word_1_243' title='bbox 160 2076 282 2108; x_wconf 86' lang='lat' dir='ltr'>rostra</span> <span class='ocrx_word' id='word_1_244' title='bbox 321 2077 408 2110; x_wconf 83' lang='lat' dir='ltr'>ante</span> <span class='ocrx_word' id='word_1_245' title='bbox 447 2075 541 2120; x_wconf 77' lang='lat' dir='ltr'>Ecp</span> <span class='ocrx_word' id='word_1_246' title='bbox 687 2086 783 2119; x_wconf 85' lang='lat' dir='ltr'>quae</span> <span class='ocrx_word' id='word_1_247' title='bbox 820 2076 941 2108; x_wconf 83' lang='lat' dir='ltr'>rostra</span> <span class='ocrx_word' id='word_1_248' title='bbox 979 2075 1096 2121; x_wconf 73' lang='lat' dir='ltr'>ccEv]</span> <span class='ocrx_word' id='word_1_249' title='bbox 1137 2086 1233 2120; x_wconf 85' lang='lat' dir='ltr'>quae</span> <span class='ocrx_word' id='word_1_250' title='bbox 1259 2088 1309 2120; x_wconf 62' lang='grc' dir='ltr'>ΥΡ</span> <span class='ocrx_word' id='word_1_251' title='bbox 1359 2086 1432 2119; x_wconf 85' lang='lat' dir='ltr'>que</span> <span class='ocrx_word' id='word_1_252' title='bbox 1457 2087 1476 2110; x_wconf 81' lang='lat' dir='ltr'>c</span> 
     </span>
     <span class='ocr_line' id='line_1_34' title="bbox 164 2122 1520 2168; baseline 0.001 -12"><span class='ocrx_word' id='word_1_253' title='bbox 164 2125 205 2156; x_wconf 78' lang='grc'><strong>17</strong></span> <span class='ocrx_word' id='word_1_254' title='bbox 234 2123 372 2157; x_wconf 86' lang='lat' dir='ltr'>cesaris</span> <span class='ocrx_word' id='word_1_255' title='bbox 397 2124 434 2158; x_wconf 80' lang='lat' dir='ltr'><strong><em>A</em></strong></span> <span class='ocrx_word' id='word_1_256' title='bbox 531 2123 682 2157; x_wconf 88' lang='lat' dir='ltr'>nomine</span> <span class='ocrx_word' id='word_1_257' title='bbox 704 2144 747 2147; x_wconf 79' lang='lat'>——</span> <span class='ocrx_word' id='word_1_258' title='bbox 770 2122 873 2167; x_wconf 85' lang='lat' dir='ltr'>suae]</span> <span class='ocrx_word' id='word_1_259' title='bbox 902 2134 968 2156; x_wconf 84' lang='lat' dir='ltr'>om.</span> <span class='ocrx_word' id='word_1_260' title='bbox 990 2134 1066 2157; x_wconf 80' lang='lat' dir='ltr'>rve</span> <span class='ocrx_word' id='word_1_261' title='bbox 1162 2123 1313 2157; x_wconf 89' lang='lat' dir='ltr'>nomine</span> <span class='ocrx_word' id='word_1_262' title='bbox 1333 2123 1520 2168; x_wconf 70' lang='lat' dir='ltr'>Hautlzal]</span> 
     </span>
     <span class='ocr_line' id='line_1_35' title="bbox 161 2169 1522 2216; baseline 0.001 -14"><span class='ocrx_word' id='word_1_263' title='bbox 161 2169 312 2204; x_wconf 88' lang='lat' dir='ltr'>homine</span> <span class='ocrx_word' id='word_1_264' title='bbox 338 2171 375 2205; x_wconf 78' lang='lat' dir='ltr'><strong><em>A</em></strong></span> <span class='ocrx_word' id='word_1_265' title='bbox 399 2169 562 2204; x_wconf 88' lang='lat' dir='ltr'>hominis</span> <span class='ocrx_word' id='word_1_266' title='bbox 583 2182 611 2214; x_wconf 73' lang='lat'>1)</span> <span class='ocrx_word' id='word_1_267' title='bbox 729 2173 771 2204; x_wconf 88' lang='grc'><strong>19</strong></span> <span class='ocrx_word' id='word_1_268' title='bbox 799 2181 873 2204; x_wconf 90' lang='lat' dir='ltr'>non</span> <span class='ocrx_word' id='word_1_269' title='bbox 894 2191 938 2194; x_wconf 97' lang='lat'><strong>—</strong></span> <span class='ocrx_word' id='word_1_270' title='bbox 957 2169 1090 2216; x_wconf 86' lang='lat' dir='ltr'>fluens]</span> <span class='ocrx_word' id='word_1_271' title='bbox 1119 2181 1184 2205; x_wconf 83' lang='lat' dir='ltr'>om.</span> <span class='ocrx_word' id='word_1_272' title='bbox 1218 2172 1280 2205; x_wconf 87' lang='lat' dir='ltr'>Ac</span> <span class='ocrx_word' id='word_1_273' title='bbox 1397 2174 1439 2204; x_wconf 87' lang='grc'>22</span> <span class='ocrx_word' id='word_1_274' title='bbox 1466 2181 1522 2204; x_wconf 89' lang='lat' dir='ltr'>re-</span> 
     </span>
     <span class='ocr_line' id='line_1_36' title="bbox 163 2216 1520 2263; baseline 0.001 -13"><span class='ocrx_word' id='word_1_275' title='bbox 163 2216 325 2251; x_wconf 83' lang='lat' dir='ltr'>dundari</span> <span class='ocrx_word' id='word_1_276' title='bbox 349 2218 430 2263; x_wconf 83' lang='grc' dir='ltr'>Αν]</span> <span class='ocrx_word' id='word_1_277' title='bbox 460 2218 672 2252; x_wconf 79' lang='lat' dir='ltr'>redundare</span> <span class='ocrx_word' id='word_1_278' title='bbox 697 2229 715 2252; x_wconf 85' lang='lat' dir='ltr'>c</span> <span class='ocrx_word' id='word_1_279' title='bbox 758 2217 942 2252; x_wconf 83' lang='lat' dir='ltr'>inundare</span> <span class='ocrx_word' id='word_1_280' title='bbox 963 2229 992 2262; x_wconf 74' lang='lat' dir='ltr'>p</span> <span class='ocrx_word' id='word_1_281' title='bbox 1138 2221 1181 2251; x_wconf 83' lang='grc'>25</span> <span class='ocrx_word' id='word_1_282' title='bbox 1208 2217 1414 2262; x_wconf 86' lang='lat' dir='ltr'>positiones</span> <span class='ocrx_word' id='word_1_283' title='bbox 1440 2218 1520 2262; x_wconf 82' lang='lat' dir='ltr'>Av]</span> 
     </span>
     <span class='ocr_line' id='line_1_37' title="bbox 163 2264 1520 2311; baseline 0.001 -14"><span class='ocrx_word' id='word_1_284' title='bbox 163 2264 357 2308; x_wconf 83' lang='lat' dir='ltr'>opiniones</span> <span class='ocrx_word' id='word_1_285' title='bbox 383 2277 458 2309; x_wconf 75' lang='lat' dir='ltr'>rep</span> <span class='ocrx_word' id='word_1_286' title='bbox 581 2266 681 2310; x_wconf 88' lang='lat' dir='ltr'>sunt]</span> <span class='ocrx_word' id='word_1_287' title='bbox 716 2276 782 2300; x_wconf 83' lang='lat' dir='ltr'>om.</span> <span class='ocrx_word' id='word_1_288' title='bbox 804 2277 823 2300; x_wconf 78' lang='lat' dir='ltr'>r</span> <span class='ocrx_word' id='word_1_289' title='bbox 969 2268 1012 2298; x_wconf 82' lang='lat'>27</span> <span class='ocrx_word' id='word_1_290' title='bbox 1043 2265 1239 2300; x_wconf 84' lang='lat' dir='ltr'>abundans</span> <span class='ocrx_word' id='word_1_291' title='bbox 1265 2265 1315 2311; x_wconf 80' lang='lat' dir='ltr'>A]</span> <span class='ocrx_word' id='word_1_292' title='bbox 1350 2264 1520 2299; x_wconf 84' lang='lat' dir='ltr'>habund:</span> 
     </span>
     <span class='ocr_line' id='line_1_38' title="bbox 163 2322 268 2355; baseline 0 -10"><span class='ocrx_word' id='word_1_293' title='bbox 163 2322 268 2355; x_wconf 82' lang='lat' dir='ltr'>rvcp</span> 
     </span>
    </p>
   </div>
   <div class='ocr_carea' id='block_1_6' title="bbox 1569 413 1588 442">
    <p class='ocr_par' dir='ltr' id='par_1_14' title="bbox 1569 413 1588 442">
     <span class='ocr_line' id='line_1_39' title="bbox 1569 413 1588 442; baseline 0 0"><span class='ocrx_word' id='word_1_294' title='bbox 1569 413 1588 442; x_wconf 83' lang='lat'>5</span> 
     </span>
    </p>
   </div>
   <div class='ocr_carea' id='block_1_7' title="bbox 1547 722 1591 751">
    <p class='ocr_par' dir='ltr' id='par_1_15' title="bbox 1547 722 1591 751">
     <span class='ocr_line' id='line_1_40' title="bbox 1547 722 1591 751; baseline 0 0"><span class='ocrx_word' id='word_1_295' title='bbox 1547 722 1591 751; x_wconf 87' lang='grc'><strong>10</strong></span> 
     </span>
    </p>
   </div>
   <div class='ocr_carea' id='block_1_8' title="bbox 1549 1043 1590 1073">
    <p class='ocr_par' dir='ltr' id='par_1_16' title="bbox 1549 1043 1590 1073">
     <span class='ocr_line' id='line_1_41' title="bbox 1549 1043 1590 1073; baseline 0.024 -1"><span class='ocrx_word' id='word_1_296' title='bbox 1549 1043 1590 1073; x_wconf 83' lang='lat'>15</span> 
     </span>
    </p>
   </div>
   <div class='ocr_carea' id='block_1_9' title="bbox 1547 1340 1590 1369">
    <p class='ocr_par' dir='ltr' id='par_1_17' title="bbox 1547 1340 1590 1369">
     <span class='ocr_line' id='line_1_42' title="bbox 1547 1340 1590 1369; baseline -0.023 0"><span class='ocrx_word' id='word_1_297' title='bbox 1547 1340 1566 1369; x_wconf 81' lang='lat'><strong>2</strong></span> <span class='ocrx_word' id='word_1_298' title='bbox 1571 1340 1590 1369; x_wconf 84' lang='grc' dir='ltr'>Ο</span> 
     </span>
    </p>
   </div>
   <div class='ocr_carea' id='block_1_10' title="bbox 1548 1637 1591 1667">
    <p class='ocr_par' dir='ltr' id='par_1_18' title="bbox 1548 1637 1591 1667">
     <span class='ocr_line' id='line_1_43' title="bbox 1548 1637 1591 1667; baseline -0.023 0"><span class='ocrx_word' id='word_1_299' title='bbox 1548 1637 1591 1667; x_wconf 75' lang='grc'>25</span> 
     </span>
    </p>
   </div>
  </div>
 </body>
</html>
