1664 2563
708 73 846 109 EPOD.
866 78 885 108 9
1388 75 1472 116 411

245 180 321 224 18.
355 197 564 223 CANENTES
593 181 881 237 C<A>ESAREM]
940 182 1205 237 [Laudantes]
1263 186 1318 225 Vt
1338 181 1477 239 (Verq.

122 243 222 283 Aen.
247 244 326 282 VH
353 239 477 297 698):

334 327 560 378 Regemque
592 327 786 366 canebant
818 322 876 380 (A
887 328 923 366 V

243 417 319 461 20.
375 434 536 459 LATENT
574 433 727 461 PVPPES
760 433 791 460 s.
820 418 873 473 0.]
937 423 1044 460 Idest
1081 424 1208 461 latent
1240 423 1290 460 ad
1321 424 1475 474 fugien-

126 481 231 518 dum.
295 480 406 519 Citae
438 483 570 519 autem
602 482 767 530 ueloces‚
798 484 843 519 ut
875 476 1012 534 (Vc-ry.
1039 481 1137 521 Aen.
1163 482 1200 519 V
1227 478 1320 535 66):
1526 492 1546 522 5

300 563 433 601 Prima
465 565 568 601 citae
594 564 754 602 Teucris
787 576 933 613 ponam
965 566 1181 602 certamina
1213 566 1348 603 classis
1375 560 1480 617 (AV

243 653 320 697 21.
341 653 472 696 *Ἀντὶ
492 663 561 696 τοῦ
578 655 667 696 ehoc
685 660 822 708 restat,
842 661 886 697 ut
906 661 996 708 post
1015 660 1224 698 uictoriam
1243 660 1475 709 triumphes,

120 714 284 756 Caesar'
319 712 377 770 (Γ

241 771 318 815 22.
374 788 576 814 mTAc'rAs
621 773 768 827 Bovns]
833 776 998 815 Paratas
1043 777 1093 815 ad
1131 777 1366 816 sacrificium
1401 790 1474 827 pro

119 836 331 885 triumpho.
413 835 589 873 Intactas
641 838 773 874 autem
821 837 1014 886 integras,
1065 832 1140 887 [et]
1193 838 1380 885 sinceras,
1430 839 1475 874 ut
1503 844 1546 875 10

121 890 258 948 (Verq.
282 906 406 943 yeory.
434 894 517 932 ΠΠ
544 890 666 947 551):

332 977 489 1014 Intacta
520 977 687 1015 totidem
719 977 870 1015 ceruice
902 978 1088 1016 iuuencas
1121 973 1226 1031 (AV

240 1066 317 1111 23.
356 1083 435 1109 NEC
467 1084 720 1111 IVGVRTHINO
752 1069 907 1124 PAREM]
965 1072 1055 1110 Non
1087 1075 1213 1122 tanta,
1246 1074 1314 1122 ait,
1347 1073 1473 1124 gloria

119 1131 387 1180 triumphauit
417 1131 567 1169 Marius
600 1131 647 1169 de
677 1131 872 1181 Iugurtha
904 1127 1008 1184 (AV
1031 1144 1075 1170 ex
1100 1133 1239 1180 Porph.

238 1190 438 1228 *Marium
475 1190 589 1238 dicit,
634 1192 703 1239 qui
741 1192 884 1239 septies
924 1191 1060 1229 consul
1097 1192 1184 1228 fuit.
1253 1191 1330 1229 Hic
1368 1192 1473 1229 enim
1501 1200 1543 1229 15

119 1249 383 1287 clarissimum
421 1250 543 1299 gessit
579 1249 834 1298 triumphum.
897 1249 982 1288 Hoc
1015 1251 1100 1288 loco
1133 1251 1343 1299 praeponit
1375 1249 1471 1288 Cae-

118 1320 247 1346 sarem
279 1311 318 1346 et
348 1308 476 1347 Mario
508 1310 547 1346 et
579 1307 758 1357 Scipioni
787 1308 976 1346 Africano
1009 1303 1091 1362 (Pb

241 1362 317 1406 25.
381 1378 447 1405 CVI
503 1379 631 1406 SVPER
688 1364 1001 1419 CARTHAGINEM]
1077 1367 1233 1406 Contra.
1304 1368 1472 1406 Deuicta

119 1428 226 1464 enim
258 1425 497 1476 Carthagine
529 1428 677 1464 uirtute
712 1427 905 1475 Scipionis
938 1427 1131 1475 Africani,
1163 1440 1251 1466 cum
1283 1427 1374 1464 Afri
1405 1427 1471 1465 ad-

120 1498 278 1523 uersum
309 1485 507 1524 Romanos
546 1486 672 1524 denuo
710 1486 965 1535 rebellarent,
1004 1487 1182 1524 consulto
1221 1487 1379 1524 oraculo
1412 1500 1472 1523 re·
1498 1495 1543 1525 20

119 1557 307 1594 sponsum
340 1547 417 1593 est,
448 1547 494 1582 ut
525 1545 774 1594 sepulchrum
808 1544 985 1594 Scipioni
1016 1545 1136 1595 fieret,
1170 1545 1275 1595 quod
1307 1545 1472 1584 Cartha-

119 1605 253 1655 ginem
278 1605 506 1653 respiceret3
531 1606 626 1642 tunc
650 1605 774 1642 leuati
799 1605 946 1642 cineres
973 1606 1055 1643 eius
1082 1607 1174 1642 sunt
1200 1605 1246 1642 de
1266 1605 1471 1654 pyramide

119 1664 162 1700 in
197 1663 394 1701 Vaticano
440 1664 655 1701 constituta
699 1665 738 1701 et
781 1664 935 1701 humati
978 1665 1020 1701 in
1065 1664 1270 1712 sepulchro
1309 1665 1392 1702 eius
1430 1664 1471 1701 in

119 1724 239 1771 portu
271 1721 552 1773 Carthaginem
582 1723 814 1771 respiciente
847 1717 953 1775 (AV

239 1781 416 1831 *Tangit
445 1782 560 1818 illam
590 1782 810 1829 historiam,
842 1794 921 1830 qua
947 1793 1181 1830 responsum
1207 1783 1266 1819 est
1292 1781 1342 1818 ad
1368 1794 1469 1819 com·
1498 1790 1542 1821 25

118 1839 332 1889 pescendos
365 1840 481 1878 Afros
520 1840 658 1878 debere
696 1841 947 1889 sepulchrum
979 1840 1156 1889 Scipioni
1186 1840 1375 1878 Africano
1413 1842 1472 1878 ita

119 1898 327 1946 constitui,
358 1901 403 1936 ut
433 1899 611 1937 Africam
642 1900 874 1937 intueretur.
936 1899 1022 1937 Hoc
1054 1901 1187 1937 autem
1218 1901 1372 1938 monitu
1403 1912 1470 1949 po-

119 1957 242 1995 situm
274 1960 333 1995 est
363 1959 467 1994 inter
501 1954 681 2008 [H]ostia
713 1960 752 1995 et
782 1960 942 2007 portum
974 1953 1054 2010 (Pb

242 2133 259 2163 1
288 2138 475 2163 caesarem
495 2139 524 2171 p
629 2128 825 2163 laudantes
852 2140 901 2172 cp
920 2140 988 2164 om.
1008 2130 1088 2164 AV
1226 2134 1247 2165 4
1272 2129 1393 2164 latent
1417 2130 1469 2176 A]

120 2187 188 2211 mn.
210 2176 290 2220 ch
436 2179 456 2209 5
495 2175 593 2209 citae
626 2176 670 2221 p]
709 2176 782 2210 cite
814 2177 895 2211 AV
1035 2180 1077 2211 10
1110 2178 1147 2212 et
1175 2178 1272 2222 ch]
1298 2188 1365 2212 om.
1386 2177 1422 2211 A

122 2227 165 2257 19
199 2222 282 2257 affri
314 2224 350 2257 A
496 2225 539 2256 20
572 2222 716 2257 cfisulto
749 2224 785 2257 A
930 2227 973 2258 22
1006 2224 1199 2268 pyramide
1225 2225 1258 2269 c]
1285 2223 1469 2268 piramide

122 2271 256 2352 Aprb
373 2273 416 2303 26
443 2268 694 2313 (sepulchrum
720 2271 792 2314 Pb)
939 2274 982 2304 27
1009 2272 1153 2306 monitu
1179 2271 1215 2316 y]
1241 2281 1417 2315 responso
1439 2283 1469 2314 r,

122 2328 144 2351 a
169 2328 215 2352 sc.
