1664 2563
650 68 786 103 EPOD.
807 72 921 103 13.14
1373 68 1461 110 425

234 176 310 220 14.
362 192 597 220 SCAMANDRI
628 176 827 231 FLVMINA]
891 179 1128 218 Scamander
1158 180 1305 217 fluuius
1337 180 1460 218 Euro-

111 254 205 291 pam
238 241 286 278 ab
318 240 417 278 Asia
449 239 625 278 diuidere
657 240 820 287 dieitur,
851 239 938 277 ideo
971 240 1104 288 posuit
1135 235 1332 277 ‘findunt'
1360 234 1465 292 (AV

231 311 498 349 *Scamander
535 323 628 349 uero
668 313 707 348 et
740 310 882 349 Simois
919 310 1032 347 fluuii
1070 312 1162 348 sunt
1193 310 1352 358 Troiae,
1394 310 1461 348 sed

113 370 351 410 Scamander
382 370 574 408 diuiditur
604 371 648 407 iu
678 370 830 407 riuulos
865 364 904 421 (b

229 453 428 481 Lvssmcvs
461 454 512 478 ET
546 452 678 479 sn101s
711 439 855 479 fluuius
889 442 1078 491 sanguine
1111 441 1387 489 Troianorum,
1420 443 1465 477 ut
1513 446 1533 477 5

113 497 248 554 (Very.
274 500 373 539 Aen.
398 500 418 538 Ι
447 502 541 538 100.
573 494 694 552 101):

539 583 619 620 Vbi
649 585 711 622 tot
744 582 886 621 Simois
919 585 1100 632 correpta
1131 582 1202 621 sub
1234 581 1349 620 undis

327 642 447 681 Scuta
478 643 620 691 uirum,

112 739 195 776 siue
226 750 298 788 pro
330 740 474 775 natura
507 749 633 786 aquae
664 736 838 774 lubricus
873 731 976 789 (AV

232 804 526 858 *<Lubrious>]
584 807 777 855 Limosus,
809 807 877 844 ubi
910 808 995 856 quis
1028 807 1110 845 labi
1140 808 1266 856 possit
1298 802 1379 859 (Pb
1491 813 1534 843 10

234 863 310 907 15.
361 863 512 917 CERTO]
569 867 666 904 Fixo
700 861 804 918 (AV

231 938 460 966 SVBTEMINE
493 922 672 976 PARCAE]
731 925 919 974 Stamine,
951 927 996 962 ut
1026 920 1194 977 (Lucan.
1221 924 1282 962 ΙΠ
1313 919 1403 976 19);

324 1010 531 1059 Rumpunt
561 1010 734 1047 stamina
765 1008 912 1047 Pareae
945 1003 1049 1061 (AV

234 1099 309 1143 16.
344 1103 519 1153 CERVLA]
579 1104 733 1141 Nomen
767 1116 789 1141 a
822 1104 948 1142 colore
974 1104 1107 1152 maris,
1138 1103 1239 1141 idest
1266 1099 1463 1152 ‘marina',

36 1163 40 1170 '
110 1167 155 1202 ut
187 1160 319 1217 (Ouid.
346 1165 422 1202 her.
452 1165 489 1212 9,
518 1158 610 1215 14):
1490 1168 1533 1199 15

327 1245 511 1284 Ceruleus
542 1246 692 1283 Nereus
726 1240 830 1297 (AV

234 1336 308 1380 18.
360 1337 658 1388 AEGRIMONIAE]
719 1339 991 1389 Aegritudinis
1025 1340 1148 1377 animi
1181 1334 1284 1392 (AV

669 1611 820 1650 EPOD.
850 1613 903 1649 14

451 1716 522 1766 [AD
554 1730 807 1756 MECENATEM
838 1729 1014 1756 DICOLOS
1049 1713 1120 1770 (A]

229 1824 399 1851 METRVM
436 1824 562 1850 PRIMO
601 1824 731 1851 VERsv
768 1824 997 1861 HERova,
1037 1824 1223 1852 SECVNDO
1260 1824 1463 1851 IAMBICVM
1489 1818 1533 1849 20

111 1867 343 1922 [dimetrum
376 1867 692 1922 aeataleotieum]
726 1867 853 1923 (ΑΓΖ)

237 1924 280 1968 1.
316 1925 359 1968 ⁸2.
410 1941 558 1967 Morus
590 1942 757 1968 INERTIA
790 1941 869 1969 CVR
900 1942 1067 1967 TANTAM
1097 1942 1346 1970 DIFFVDERIT
1378 1942 1462 1969 1M1s

111 2000 363 2027 OBLIVIONEM
410 1987 616 2038 SENsles]
681 1989 790 2027 Dicit
833 1991 891 2026 ita
929 2001 968 2027 se
1006 1991 1150 2027 inertia
1187 1992 1226 2027 et
1264 1989 1462 2028 obliuione

110 2048 352 2097 obpressum,
384 2049 589 2096 tamquam
619 2047 813 2086 Letheum
845 2049 1056 2098 sumpserit
1086 2049 1271 2098 poculum
1303 2044 1408 2102 (AV

230 2175 250 2205 5
290 2171 470 2216 sanguine
509 2172 592 2217 Ap]
624 2172 750 2207 om.Vc
896 2177 938 2207 12
977 2173 1136 2208 stamine
1168 2174 1219 2219 A]
1253 2172 1415 2216 om.ch

112 2222 154 2252 17
189 2219 435 2264 aegritudinis
472 2219 586 2253 animi
613 2219 664 2264 A]
691 2219 806 2254 animi
837 2219 900 2254 uel
926 2221 1148 2265 egritudinis
1158 2221 1238 2264 ch
1336 2223 1378 2253 21
1407 2219 1462 2253 di-

109 2267 270 2300 metrum
296 2264 582 2300 aeataleetieum
607 2277 672 2301 om.
688 2268 723 2301 A
750 2267 834 2301 add.
856 2268 915 2302 Pb
1031 2271 1074 2302 23
1100 2268 1155 2302 ita
1181 2268 1232 2312 A]
1259 2267 1414 2311 om.ch

113 2316 157 2346 24
183 2313 399 2357 obpressum
426 2313 478 2359 A]
505 2324 721 2357 oppressum
749 2314 783 2348 V
