1664 2563
118 796 162 827 10

119 1115 162 1144 15

119 1737 165 1768 20

189 78 277 119 406
635 77 886 112 EXPOSITIO
913 77 965 112 IN
990 77 1100 113 HOR.

313 184 388 228 14.
443 201 498 226 AN
536 200 667 228 CVLPA
705 200 942 229 RESPONSVM
980 185 1108 240 DATE]
1169 188 1292 227 Velut
1322 189 1539 238 interroget

190 260 326 287 causas
358 249 504 286 furoris
537 243 642 301 (AV

312 302 386 347 15.
449 319 500 344 ΕΤ
549 318 678 346 ALBvs
729 318 809 344 ORA
858 319 1017 345 PALLOR
1066 302 1237 357 INFICIT]
1298 305 1419 344 Velut
1467 305 1539 355 qui

190 367 471 404 conscientiam
501 367 654 415 peccati
679 368 929 415 monstraret⁷
959 368 1005 403 ut
1031 360 1167 419 (Very.
1193 364 1291 404 Aen.
1311 364 1393 402 [HI
1413 358 1538 417 499):

404 448 537 486 Pallor
567 448 686 485 simul
718 450 885 497 occupat
916 460 994 487 ora.

189 542 313 581 Albus
344 542 509 591 palloris
541 542 743 591 epitheton
775 537 881 593 (AV

307 600 415 639 *Ora
451 601 581 650 pallor
618 601 732 639 albus
770 600 896 639 inficit
935 596 1013 653 (b)]
1077 599 1180 646 Quia
1218 601 1368 650 pallore
1405 599 1538 638 foeda-

187 673 295 707 mur,
333 660 491 709 quando
530 672 607 698 non
645 660 833 698 habemus
872 662 1053 710 prompte
1085 660 1190 709 quod
1221 659 1537 709 respondeamus.

188 718 252 756 Sic
285 718 420 757 Cicero
454 714 514 771 (in
542 718 655 756 Catil.
681 719 701 756 Ι
728 720 764 767 8,
794 715 886 771 21):

402 789 500 827 Cum
531 791 677 838 tacent,
708 790 883 827 clamant
914 785 994 842 (Pb

311 867 385 910 16.
437 868 637 922 STVPENT]
695 871 971 909 Sollicitudine
1005 867 1109 924 (AV

310 925 385 970 17.
436 942 598 968 AOERBA
630 943 737 968 FATA
768 942 959 968 ROMANos
991 927 1049 981 A.]
1104 931 1189 968 Hoc
1222 932 1297 968 est:
1333 932 1537 978 tamquam

187 990 267 1027 illis
299 990 522 1028 tacentibus
553 991 637 1039 ipse
668 990 907 1027 intellexerit
937 990 1031 1026 belli
1063 990 1192 1027 ciuilis
1224 988 1415 1039 originem
1446 988 1536 1025 inde

187 1049 229 1085 in
254 1051 415 1098 nepotes
441 1050 622 1097 tractam,
648 1049 741 1097 quia
767 1049 894 1086 occiso
921 1048 1044 1086 fratre
1065 1048 1255 1086 Romulus
1281 1047 1538 1097 parricidium

189 1109 446 1157 perpetrauit‚
478 1106 580 1145 unde
612 1102 784 1160 (Ducam.
810 1107 830 1144 I
858 1102 950 1159 95):

365 1178 555 1215 Fraterno
587 1178 706 1227 primi
737 1177 974 1215 maduerunt
1004 1178 1194 1227 sanguine
1226 1177 1330 1214 muri
1362 1171 1465 1229 (AV

310 1256 385 1299 20.
431 1272 560 1298 SACER
591 1271 815 1299 NEPOTIBVS
850 1256 1001 1310 CRVOR]
1058 1259 1133 1298 Pro
1166 1259 1403 1297 execrandus
1437 1253 1540 1311 (AV

765 1529 916 1568 EPOD.
944 1531 968 1568 8

353 1633 426 1687 [AD
458 1648 570 1675 ANVM
603 1647 827 1674 DEFORMEM
859 1648 937 1674 VEL
968 1648 1010 1673 IN
1043 1647 1270 1673 GRATmIAM
1303 1629 1376 1687 (A]

310 1743 479 1769 METRVM
512 1742 622 1773 Qvon
655 1741 784 1769 SVPRA
816 1725 991 1782 (ABFb

314 1784 355 1828 1.
406 1801 569 1827 ROGARE
601 1800 738 1826 LONGo
770 1801 953 1827 PVTmAM
985 1801 1035 1825 TE
1068 1784 1270 1838 SAECVLO]
1332 1787 1539 1825 Inuehitur

190 1849 232 1884 in
276 1860 379 1896 eam,
425 1861 447 1885 a
491 1860 568 1897 qua
606 1848 810 1885 dicebatur
846 1848 974 1885 lentus
1013 1849 1055 1884 in
1092 1859 1291 1895 uenerem;
1335 1848 1374 1883 et
1409 1847 1537 1895 magis

191 1906 327 1944 fetoris
367 1908 491 1956 ipsius
529 1907 594 1943 uel
633 1908 774 1944 aetatis
813 1918 894 1944 esse
933 1905 1134 1954 adfirmat,
1171 1905 1276 1955 quod
1308 1917 1395 1943 eam
1424 1904 1536 1942 fasti-

191 1964 288 2012 diat,
320 1978 440 2013 quam
472 1965 577 2014 quod
608 1966 691 2014 ipse
723 1965 823 2002 nihil
854 1965 980 2014 possit
1013 1959 1116 2017 (AV

311 2080 353 2109 12
379 2088 409 2123 ἆ)
437 2078 577 2119 (natum
601 2087 645 2110 ex
669 2088 704 2110 u.
727 2079 784 2120 20)
812 2076 881 2110 hoc
908 2078 964 2110 est
983 2077 1018 2110 A
1117 2079 1160 2109 15
1182 2074 1414 2119 perpetrauit
1440 2073 1536 2119 ch]

190 2123 430 2168 ppenetrauit
451 2123 485 2156 A
583 2126 626 2157 20
653 2134 764 2167 supra
785 2124 835 2168 A]
856 2123 1024 2167 superius
1045 2124 1081 2157 B
1179 2126 1221 2156 21
1248 2123 1285 2156 te
1310 2120 1482 2165 putidam
1500 2121 1537 2154 A

191 2182 226 2213 p.
248 2169 317 2204 t.V
434 2171 511 2203 soto
538 2170 573 2203 A
695 2174 738 2204 22
765 2170 900 2215 magis]
929 2180 1003 2204 non
1034 2170 1108 2210 hic,
1139 2169 1201 2203 sed
1227 2172 1309 2212 post
1339 2178 1421 2201 eam
1452 2177 1535 2210 pon.

192 2216 329 2260 Ach,
355 2220 532 2259 transpos.
555 2216 602 2249 K.
708 2220 751 2250 23
779 2217 920 2261 (fetoris
940 2217 1077 2260 AVep)
1177 2215 1286 2249 etatis
1306 2214 1342 2248 A
1439 2212 1538 2247 affir-

191 2264 272 2297 mat
298 2264 348 2301 V,
453 2262 616 2297 fastidiit
640 2264 676 2297 A
702 2263 850 2298 fastidit
875 2263 966 2307 ch,
992 2273 1053 2297 em.
1075 2263 1157 2297 edit.
1302 2264 1346 2295 24
1373 2260 1471 2303 quod
1491 2261 1537 2306 p]

192 2320 258 2344 om.
280 2310 373 2346 AVo
469 2310 549 2354 ipse
575 2309 669 2343 mhil
695 2310 770 2355 Ac]
796 2309 892 2344 nihil
917 2310 996 2354 ipse
1025 2310 1084 2353 Vp
