1664 2563
611 78 836 115 CARM.11H
851 83 904 114 11.
922 83 964 114 12
1374 78 1460 120 363

234 192 475 231 *Interfecta
519 191 717 240 Chimera,
761 191 854 229 dum
897 193 1158 230 reuerteretur
1195 192 1459 241 Bellerophon

117 254 243 291 uictor
279 252 430 303 Pegaso
474 264 574 301 equo
617 252 808 300 residens,
851 251 1016 289 audacia
1058 251 1200 289 mentis
1239 252 1460 302 exagitatus

112 314 192 360 est,
224 313 359 362 utpote
399 311 466 361 qui
503 313 638 349 tantae
676 312 735 349 rei
765 311 894 349 uictor
924 311 1124 359 extiterat,
1163 310 1230 349 sed
1262 323 1350 349 cum
1381 311 1461 349 iam

115 371 368 410 altitudinem
413 371 581 409 aetheris
625 372 848 420 penetraret
891 370 1170 419 Bellerophon,
1214 372 1359 408 terram
1404 384 1459 408 re-

116 432 282 481 spiciens
321 430 564 480 stupefactus
597 432 635 468 et
669 430 937 468 excerebratus
971 429 1126 478 cecidit,
1164 430 1336 480 Pegasus
1368 443 1460 467 uero
1511 438 1531 468 5

116 491 220 528 inter
251 490 380 529 sidera
409 491 590 540 receptus
623 492 681 527 est
713 484 753 542 (r

235 544 311 589 29.
345 561 473 587 DIGNA
507 546 710 600 SEQVARE]
761 549 970 587 Possibilia
1002 561 1088 586 eam
1114 549 1252 587 suadet
1278 548 1459 598 adpetere

115 611 154 647 et
196 609 272 647 sibi
315 610 575 658 competentia
622 611 661 647 et
701 609 821 659 digna
858 621 1024 658 sperare.
1089 607 1231 646 Sensus
1269 620 1360 658 ergo
1398 608 1461 646 hic

113 671 190 707 est:
223 681 244 706 o
277 670 322 706 tu
348 669 480 716 Philli,
512 670 596 706 uita
627 668 891 718 potentiorem
916 668 1130 718 Telephum
1163 670 1202 705 et
1232 667 1307 705 tibi
1332 668 1461 716 dispa-

112 741 214 777 rem,
250 729 318 777 qui
350 729 389 766 et
421 729 540 766 aliam
573 730 691 776 amat,
723 730 762 765 e't
793 741 853 765 me
886 727 1017 778 dilige,
1050 729 1119 776 qui
1149 727 1223 765 tibi
1254 740 1327 776 par
1358 739 1461 765 sum:
1489 734 1532 766 10

112 787 203 825 finis
235 789 340 826 enim
365 789 440 826 eris
466 788 542 825 mei
569 788 724 836 amoris,
756 789 862 837 quia,
894 788 927 825 51
954 787 1204 835 consenseris,
1238 788 1357 824 aliam
1384 799 1460 825 non

114 847 254 886 amabo
288 842 345 900 (A
356 848 391 884 V
435 856 440 860 ’

235 901 310 946 34.
339 918 540 944 conmson
566 902 722 957 Menos]
766 906 892 953 Disce,
917 907 1060 955 inquit,
1086 906 1262 943 carmina
1288 907 1326 943 et
1352 905 1460 954 lyrae

110 978 239 1015 sonos,
272 978 368 1016 quos
401 967 515 1004 sua-ui
546 979 639 1004 uoce
672 968 816 1011 cantes,
848 978 895 1003 ne
927 966 1073 1003 rustica
1105 965 1276 1003 uidearis
1303 960 1360 1017 (A
1372 966 1406 1002 V

235 1020 309 1065 35.
349 1038 584 1064 MINVENTVR
616 1021 769 1076 ATRAE]
827 1025 934 1062 Tunc
968 1026 1071 1062 enim
1103 1025 1287 1074 uoluptas
1320 1024 1461 1062 admit-
1489 1032 1531 1062 15

110 1086 225 1133 titur,
260 1085 293 1123 51
325 1098 417 1123 cura
448 1085 620 1135 pellatur
652 1080 757 1137 (AV

619 1356 773 1396 CARM.
800 1357 882 1395 IIII
911 1359 962 1395 12

594 1461 877 1517 [TETRACOLOS
911 1459 984 1517 (A]

232 1573 401 1599 METRVM
452 1572 595 1599 TRIBVS
645 1571 839 1599 VERSIBvs
889 1571 1218 1608 ASCLEPIADEVM,
1276 1571 1460 1602 QVARTVS

111 1631 343 1659 -GLYCONIVS
376 1615 550 1672 (ABFb
1487 1625 1532 1657 20

236 1674 278 1719 l.
334 1691 407 1717 IAM
441 1691 559 1718 VERIS
593 1691 767 1717 COMITES
802 1691 837 1722 Q.
865 1692 904 1716 Μ.
931 1675 988 1730 Τ.]
1050 1678 1113 1715 Ad
1143 1678 1364 1728 Vergilium
1396 1692 1460 1715 ne-

114 1740 349 1790 gotiatorem
399 1739 535 1778 scribit
585 1739 797 1777 admonens
847 1740 949 1776 ueris
999 1740 1153 1787 tempus
1198 1749 1279 1775 esse
1324 1740 1461 1786 aptum

113 1799 286 1848 nauigio.
349 1798 552 1836 Vsitatum
590 1800 721 1836 autem
752 1799 880 1847 poetis
913 1799 971 1835 est
1003 1797 1153 1834 animas
1186 1796 1312 1834 dicere
1344 1797 1460 1835 flatus

113 1860 338 1906 uentorum,
376 1858 470 1895 dum
508 1858 557 1895 ad
589 1857 781 1895 Graecum
819 1857 1055 1895 uocabulum
1086 1857 1260 1894 referunt
1291 1868 1460 1904 anemos,

112 1920 159 1955 ut
192 1913 325 1968 (Vera
352 1916 449 1955 ΑΜ.
475 1917 575 1954 VIII
601 1911 724 1969 403):
1487 1923 1530 1954 25

294 1976 494 2021 Quantum
524 1977 634 2026 ignes
668 1978 899 2025 animaeque
931 1976 1066 2013 ualent
1098 1970 1460 2027 (AVeons.P0era.

235 2104 254 2135 9
281 2101 392 2146 philli
414 2102 456 2147 p]
483 2100 612 2146 phillis
640 2102 674 2136 V
694 2100 794 2145 phin
819 2112 837 2135 e
863 2100 988 2135 filleris
1014 2101 1050 2135 A
1146 2100 1339 2145 telephum
1366 2101 1460 2145 ch]

114 2149 271 2184 telefum
295 2150 332 2184 A
431 2153 472 2183 11
501 2149 609 2193 quasi
635 2148 863 2183 consenseris
890 2149 925 2183 A
951 2148 1040 2192 quia
1066 2148 1118 2182 sic
1143 2148 1299 2183 senseris
1319 2149 1353 2182 V
1373 2147 1461 2191 quia

117 2197 148 2231 si
180 2197 341 2232 conseris
367 2208 386 2232 c
424 2196 488 2241 qui
520 2196 551 2231 si
578 2207 776 2231 consensus
803 2195 874 2230 erit
896 2208 923 2240 p
1068 2199 1110 2230 13
1137 2195 1228 2240 lyrae
1244 2196 1287 2241 p]
1313 2195 1405 2229 lirae
1434 2196 1467 2229 V

115 2244 184 2279 lire
204 2246 265 2280 Ac
363 2247 405 2279 19
427 2243 696 2288 asclipiadeum
715 2244 751 2278 B
849 2246 892 2277 20
912 2243 1105 2288 glyconius
1126 2243 1202 2289 Br]
1223 2242 1405 2287 gliconius
1425 2243 1461 2277 A

116 2292 320 2337 gliconicus
335 2293 395 2346 yb
494 2296 536 2326 21
563 2291 669 2337 negz]
695 2303 770 2326 ozon
795 2291 871 2325 eaeh.
892 2291 1026 2336 Porph.
1126 2294 1169 2325 24
1197 2290 1361 2335 anemos]
1383 2290 1461 2324 ani-

116 2350 195 2374 mos
222 2341 258 2374 A
283 2351 425 2374 ammas
454 2341 532 2384 ch
558 2339 694 2384 ἄνεμος
718 2339 799 2373 edit.
